3194 5200
638 419 677 482 13

81 590 133 660 καί
162 593 239 661 λέπα
269 590 307 660 τά
338 592 487 681 ἀκρότατα
515 599 575 660 τῶν
607 587 710 682 ἀρέων.
758 592 921 681 Εὐριπίδης
950 589 1020 674 „aul
1043 587 1233 680 Κιθαιρῶνος

82 701 197 775 λέπας“
225 704 347 790 (Ρλιοου.
373 701 438 786 24),
484 702 605 765 Scholia
627 707 659 764 in
682 703 832 764 codicibus
854 702 964 764 tradita
986 703 1058 763 haec
1079 711 1162 764 sunt:

327 835 414 894 Laur.
910 835 989 894 Flor.

1127 945 1231 954 --.

81 993 173 1059 πίσεά
188 1020 220 1060 τε
235 996 385 1082 προλιπών
402 993 452 1060 καί
468 996 641 1069 ἑλεσπίδαςτ
680 994 783 1060 πίσεαε
813 994 881 1068 τοὺς
911 995 1081 1082 συμφύτους
1111 1000 1131 1082 ἦ
1155 997 1234 1060 ἑλώ-

83 1102 111 1164 οί
145 1099 196 1187 μὲν
227 1101 294 1175 τοὺς
326 1101 496 1192 συμφύτους
523 1104 639 1184 τόπους,
682 1104 741 1174 δεις
764 1099 813 1164 καί
837 1102 988 1187 πηλώδεις
1010 1102 1127 1174 τόπους.

83 1208 111 1271 oi
145 1205 178 1271 δὲ
209 1203 277 1281 τοὺς
306 1210 467 1294 πετρώδεις
497 1205 579 1296 παρὰ
608 1205 641 1271 τὸ
681 1207 854 1280 ἑλεσπίδας·
895 1206 969 1280 τινὲς
1006 1206 1073 1280 τοὺς
1111 1208 1234 1280 ἑλώδεις

82 1313 231 1377 λέπεσθαι
263 1314 320 1378 ὑπό
352 1319 458 1380 τετοῦ
482 1314 569 1400 ἡλίου
592 1311 640 1378 καί
681 1311 731 1378 καί
763 1315 915 1399 πηλώδεις
949 1315 1073 1394 τόπους,
1116 1312 1233 1398 ἄμεινον

83 1420 197 1506 ἀνέμου
219 1417 269 1484 καί
287 1419 388 1484 ὑετοῦ·
413 1421 483 1486 ὅθεν
500 1417 642 1484 κοίλέπα
682 1418 715 1483 δὲ
746 1418 814 1492 τοὺς
845 1420 1007 1506 πετρώδεις
1038 1417 1119 1507 παρά
1150 1418 1182 1483 τὸ
1206 1445 1233 1483 κ.

82 1524 121 1590 τά
145 1527 319 1613 ἀκρωτήρια
338 1531 397 1590 τῶν
414 1527 502 1612 ἀρῶν.
549 1524 640 1612 Εάρι-
681 1550 704 1590 τ.
730 1528 756 1589 λ.
780 1531 866 1589 utin
889 1529 976 1588 Laur.

82 1631 173 1718 πίδης
190 1630 269 1712 „mal
291 1630 482 1718 Κιθαιρῶνος
505 1631 612 1696 λέπαῐί.

179 1791 328 1852 Scholium
343 1791 410 1850 Par.
424 1791 543 1870 paulum
556 1797 698 1849 mutatum
714 1791 885 1872 plerumque
901 1811 967 1850 cum
982 1790 1063 1852 Flor.
1084 1792 1233 1849 consentit.

88 1895 234 1958 Videmus
257 1899 349 1974 igitur
371 1899 496 1976 primum
527 1899 558 1955 in
590 1897 724 1976 exemplo
754 1897 858 1955 scholii
879 1897 957 1956 Flor.
982 1899 1067 1955 utin
1090 1905 1175 1976 etym.
1197 1916 1234 1954 m.

82 2006 168 2062 vocis
202 1999 291 2064 πίσεα
322 2003 548 2083 explicationem
578 2002 684 2078 fuisse,
719 2023 804 2082 quam
836 2002 954 2083 quidem
984 2012 1100 2082 praeter
1130 2002 1236 2060 lemma

84 2107 227 2166 librarius
250 2111 349 2167 omisit
372 2111 492 2188 eiusque
514 2108 579 2166 loco
594 2108 677 2166 verbi
697 2106 855 2176 ἑλεσπίδας
871 2109 1096 2187 explicationem
1111 2109 1235 2186 repetiit,

89 2235 157 2273 cum
173 2216 205 2272 in
218 2214 308 2274 Laur.
328 2217 415 2273 etiam
431 2215 537 2273 lemma
559 2210 647 2274 πίσεα
663 2212 754 2288 desit3
778 2213 883 2272 deinde
898 2217 979 2272 vocis
993 2210 1150 2280 ἑλεσπίδας
1167 2213 1236 2271 alte-

83 2340 148 2378 ram
165 2319 392 2399 explicationem
408 2316 532 2388 ἑλώδεις
547 2314 599 2378 καί
613 2318 764 2402 πηλώδεις
780 2323 855 2378 sicut
869 2322 900 2377 in
913 2327 1001 2397 etym.
1013 2339 1079 2397 gen.
1089 2326 1234 2377 servatam

84 2443 157 2499 esse,
181 2444 255 2504 quae
272 2427 302 2483 in
314 2425 404 2485 Laur.
417 2428 535 2484 omnino
550 2427 649 2484 excisa
665 2434 722 2500 est;
736 2435 881 2504 postremo
897 2427 928 2483 in
939 2425 1028 2482 schol.
1041 2424 1119 2482 Flor.
1133 2422 1235 2483 eodem

84 2529 174 2588 modo
205 2551 262 2610 quo
295 2534 327 2590 in
358 2539 445 2610 etym.
468 2550 533 2609 gen.
558 2535 673 2591 tertiam
703 2533 785 2590 vocis
815 2531 1042 2610 explicationem
1068 2528 1236 2588 adiunctam

85 2655 168 2695 esse:
191 2631 310 2717 ἄμεινον
336 2633 402 2697 δὲ..
415 2683 433 2714 .‚
457 2657 522 2695 cum
545 2639 576 2694 in
598 2637 687 2696 schol.
709 2638 796 2695 Laur.
820 2637 956 2695 librarius
978 2657 997 2694 a
1018 2655 1092 2695 voce
1115 2631 1235 2702 ἑλώδεις

85 2743 135 2801 vel
157 2741 311 2823 πηλώδεις
334 2742 372 2801 ad
395 2743 574 2802 simillimam
596 2742 759 2825 πετρώδεις
783 2743 874 2800 oculis
897 2742 1075 2800 aberraverit
1106 2760 1237 2820 quaeque

86 2851 262 2928 interposita
294 2859 378 2908 crant
410 2852 547 2909 omiserit.
593 2849 679 2909 Certe
706 2852 797 2927 igitur
818 2852 850 2906 in
873 2849 991 2907 scholiis
1012 2847 1091 2907 Flor.
1114 2867 1184 2906 vera
1207 2855 1237 2905 et

87 2956 212 3033 antiqua
234 2954 327 3012 forma
350 2954 454 3013 scholii
477 2956 640 3013 accuratius
664 2975 751 3033 quam
773 2957 805 3010 in
827 2954 912 3011 Laur.
936 2961 1053 3012 servata
1080 2961 1138 3026 est,
1169 2971 1236 3009 nam

88 3079 156 3117 cum
179 3060 227 3118 hic
250 3058 326 3119 duae
349 3068 462 3128 tantum
486 3061 695 3139 explicationes
717 3062 799 3118 vocis
827 3057 870 3119 ἑλ.
901 3067 1023 3132 exstent,
1055 3057 1117 3116 illic
1148 3059 1236 3116 etiam

88 3167 203 3238 tertiae,
227 3185 313 3244 quam
336 3173 423 3244 etym.
446 3185 514 3242 gen.
537 3164 667 3244 praebet,
688 3166 815 3241 vestigia
836 3162 984 3222 habemus.

176 3271 213 3330 In
234 3271 294 3330 sch.
317 3271 341 3330 1.
367 3274 453 3330 1280
478 3270 532 3330 sub
555 3271 649 3345 finem,
672 3270 724 3329 ubi
748 3269 784 3330 de
806 3291 833 3329 ν.
856 3265 969 3353 περάτη
994 3271 1103 3347 agitur,
1126 3269 1237 3327 scholia

87 3375 165 3434 Flor.
197 3385 227 3435 et
248 3377 314 3436 Par.
348 3376 421 3436 haec
453 3377 649 3454 subiungunt:
683 3373 801 3456 λέγεται
834 3370 867 3435 δὲ
899 3372 1008 3458 κυρίως
1041 3375 1060 3457 ἡ
1094 3373 1235 3456 ἀνατολὴ.

90 3480 183 3566 πέρας
215 3479 271 3566 γὰρ
305 3481 380 3566 αὕτη
414 3487 467 3566 τῆς
489 3486 542 3544 τοῦ
566 3482 692 3566 οὐρανοῦ
715 3481 870 3564 κινήσεως.
895 3481 1009 3542 ἐκεῖθεν
1032 3477 1089 3565 γὰρ
1113 3478 1237 3564 οίρχεται

90 3588 140 3652 καί
165 3589 207 3660 εἰς
231 3588 324 3675 αὐτὴν
345 3594 477 3676 τελευτᾷ.
521 3595 622 3653 Etiam
652 3593 701 3652 hic
728 3593 834 3652 collato
857 3593 1052 3672 etymologiae
1074 3611 1139 3669 gen.
1163 3613 1184 3650 s.
1208 3611 1235 3651 v.

88 3695 222 3782 χαροπός
254 3700 363 3758 similia
393 3703 425 3760 in
456 3702 585 3781 antiquis
617 3700 736 3758 scholiis
768 3699 871 3774 fuisse,
905 3719 980 3778 quae
1002 3699 1089 3756 Laur.
1113 3701 1237 3776 scriptor

89 3806 221 3864 omiserit
242 3804 419 3864 ostenditur:
451 3805 634 3884 etymologus
665 3808 743 3864 enim
771 3825 787 3864 e
809 3804 929 3864 scholiis
951 3803 1041 3884 Apln.
1065 3806 1236 3880 exscripsit:

89 3903 249 3993 Χαροπόςι
271 3908 447 3993 περιχαρής,
471 3907 674 3993 εὐόφθαλρος,
699 3909 728 3978 ἐξ
752 3907 787 3970 οὖ
809 3906 929 3994 χαροπὴ
953 3903 1034 3991 παρὰ
1049 3904 1236 3992 Ἀπολλωνίῳ

92 4013 188 4100 „iper
212 4013 375 4099 οὐρανόθεν
396 4011 518 4100 χαροπὴ
543 4013 754 4100 ὑπολάρπηται
776 4015 840 4099 ἠώς
863 4015 897 4076 ἐκ
928 4013 1058 4099 περάτης
1090 4014 1234 4077 ἀνιοῦσα*

89 4121 205 4192 11280,
215 4123 258 4202 a).
283 4118 511 4206 διαλάμπουσιν.
536 4117 565 4191 ἐξ
590 4119 624 4183 οὗ
647 4123 818 4204 γλαυκῶπις
841 4103 987 4205 hildrud
1006 4118 1188 4203 ἱ,γλαιίσουσι
1212 4120 1237 4180 δ’

92 4226 236 4313 ἀταρποί*
262 4230 290 4310 (Ι
307 4231 404 4314 1280)
417 4225 450 4312 ¹).
483 4226 596 4315 περάτη
620 4231 670 4293 νῦν
695 4224 746 4314 ρἐν
769 4229 789 4314 ἡ
814 4226 954 4314 ἀνατολή.
986 4223 1108 4290 δύναται
1131 4221 1164 4287 δὲ
1185 4220 1237 4287 καί

143 4440 190 4586 dl)
209 4437 302 4501 Verba
327 4441 459 4515 γλοώοουσι
482 4441 612 4518 δ’ἀταρποί
637 4449 702 4515 post
727 4445 831 4501 ἀνιοῦσα
856 4447 921 4499 unte
946 4439 1126 4512 διαλάμπουσιν
1152 4436 1237 4494 collo·

92 4542 141 4586 oen
161 4546 179 4588 a
197 4541 269 4590 suut.
