3194 5200
708 403 745 466 51

148 570 252 644 autem
275 577 413 644 videntur
435 601 471 643 ex
495 585 693 662 antiquiorum
709 584 1103 669 grammaticorum'scriptis
1127 603 1191 644 cum
1206 601 1301 664 neque

148 692 345 768 grammatica
376 688 429 747 illc
460 691 536 747 ratio
567 687 696 758 verbee
727 688 944 769 simplicissime
974 688 1068 748 forme
1098 689 1304 770 monosyllaba

150 793 310 854 derivandi
332 812 427 874 neque
449 797 602 874 passiones
625 802 677 852 aut
699 803 813 853 ceterae
835 793 988 854 verborum
1010 799 1188 856 mutationes
1220 794 1303 854 adhi-

150 899 290 975 beantur,
320 899 426 980 quibns
454 901 564 980 primus
591 899 772 958 Philoxenus
806 908 901 958 aetate
923 898 1036 960 'liberii
1067 920 1138 960 usus
1170 909 1221 975 est,
1252 897 1305 959 sed

151 1008 254 1085 potius
277 1007 399 1085 antiqua
421 1005 472 1063 ille
494 1007 570 1063 ratio
592 1004 834 1084 philosophorum
846 999 877 1084 ¹).

242 1109 411 1170 sedetiam
433 1109 527 1169 multo
550 1109 609 1168 alia
631 1109 750 1169 scholiis
772 1109 979 1190 Apollonianis
1002 1113 1109 1185 insunt,
1141 1128 1216 1190 quae
1244 1129 1304 1168 non

152 1215 194 1274 ed
215 1219 309 1296 ipsum
325 1215 516 1295 Apollonium
539 1214 743 1296 explicandum
766 1215 803 1274 ab
826 1216 1032 1296 interpretibus
1055 1215 1187 1292 collecte,
1211 1213 1263 1275 sed
1286 1234 1302 1274 e

151 1321 257 1381 lexicis
281 1321 483 1400 similibusque
505 1321 589 1380 libris
613 1323 759 1400 exscripta
782 1340 844 1381 esse
866 1320 1011 1382 videntur.
1057 1320 1175 1382 Scholia
1205 1319 1302 1402 perlu-

153 1429 264 1500 stranti,
280 1435 396 1506 praeter
419 1435 529 1487 ceteros
551 1426 683 1486 nonnulli
706 1427 763 1486 loci
794 1429 943 1506 conspicui
973 1434 1066 1502 erunt,
1100 1426 1206 1508 quibus
1237 1446 1303 1486 sen-

154 1535 263 1604 tentiae
293 1531 567 1612 glossographorum
599 1535 868 1612 antiquissimorum
899 1533 1072 1592 afferuntur:
1103 1532 1191 1592 schol
1220 1535 1252 1591 in
1275 1554 1302 1592 v.

152 1637 283 1696 111279
307 1635 455 1721 ἐπήβολος
481 1633 514 1698 δὲ
537 1635 686 1720 ἀσφαλής.
721 1635 800 1698 οὕτω
833 1632 884 1698 καί
917 1633 1058 1722 Ἀμερίας
1089 1635 1244 1699 ἀπέδωκεν
1271 1634 1302 1700 ἐν
1362 1657 1367 1664 ”

153 1741 217 1810 ταῖς
244 1739 407 1819 Γλώσσαις,
440 1746 491 1823 qui
513 1743 650 1802 Amerios
680 1741 808 1804 ἐθνικῶν
831 1741 977 1824 γλωσσῶν
1002 1746 1126 1823 scriptor
1147 1745 1224 1803 vixit
1245 1741 1302 1801 for-

153 1856 230 1908 tusse
252 1851 311 1907 iarn
334 1857 402 1908 onte
425 1848 628 1908 Aristarchum
641 1845 673 1926 ²).
700 1849 783 1909 ldem
805 1848 943 1908 laudatur
963 1852 996 1908 in
1018 1849 1078 1908 sch.
1101 1849 1207 1909 11192
1232 1847 1302 1908 λευ-

153 1933 272 2036 καίίηνε
297 1953 323 2015 οί
349 1950 400 2036 μὲν
423 1949 456 2014 τδ
481 1951 689 2037 ἀπηρτημένον
711 1955 763 2015 τοῦ
786 1958 1006 2038 γαργαρεώνος,
1043 1949 1187 2038 Ἀμερίας
1204 1949 1237 2014 δὲ
1252 1949 1301 2015 τὸν

152 2053 257 2141 λαιμάν
282 2054 330 2119 καί
354 2055 403 2120 τὸν
421 2058 556 2143 βρόγχον.
588 2059 644 2139 (cf.
661 2069 750 2138 etym.
767 2079 831 2138 gen.
846 2069 987 2140 :etym
1003 2081 1039 2118 m.
1060 2063 1131 2135 561,
1143 2061 1182 2119 55
1199 2080 1301 2120 secun-

152 2163 221 2222 dum
245 2153 386 2224 scholium
410 2166 540 2246 Apoln.).
573 2166 660 2225 schol.
683 2167 807 2226 11382:
840 2162 927 2249 λισσὴ
959 2161 992 2227 δέ
1023 2161 1086 2227 ἀντί
1114 2167 1166 2227 τοῦ
1190 2165 1299 2249 ὁμαλή.

147 2262 296 2352 Ἀμερίας
329 2266 362 2330 δέ
393 2269 424 2332 ἐν
457 2268 612 2341 Γλώσσαις
644 2267 745 2333 λισσὸν
777 2267 810 2333 τὸ
843 2267 955 2357 ὑψηλὸν
988 2269 1170 2334 ἀποδίδωσιν
1200 2272 1300 2352 (etym.

151 2394 215 2453 gen.
240 2401 280 2427 =
304 2383 390 2455 etym.
414 2396 452 2436 m.
479 2379 602 2451 567,st
627 2396 664 2437 ex
686 2376 745 2436 soh.
767 2376 872 2457 Apln.)
895 2377 953 2437 seh.
976 2378 1021 2439 IV
1037 2380 1097 2438 972
1121 2376 1209 2462 χαῖίν
1237 2375 1302 2440 ἐστι

151 2477 292 2563 καμπύλη
311 2478 465 2564 βακτηρία,
491 2471 511 2564 ᾖ
536 2480 562 2542 οἱ
586 2478 723 2564 ποιμένες
738 2486 880 2566 χρῶνται.
915 2480 1054 2568 Ἀμερίας
1071 2479 1104 2545 δὲ
1119 2479 1207 2570 ψιλὴν
1224 2481 1301 2546 ἀπέ-

152 2585 232 2648 δωκε
263 2583 382 2671 ῥάβδον.
417 2581 614 2672 Καλλίμαχος
647 2584 776 2671 ,,ἔπρεπέ
806 2611 851 2650 τοι
880 2587 1053 2675 προέχουσα
1083 2587 1176 2674 κάρης
1200 2589 1301 2674 εὐρεῖα

151 2689 315 2775 καλώπτρη,
339 2690 507 2775 ποιμενικὸν
532 2691 666 2778 πίλημα·
697 2690 748 2754 καί
771 2693 801 2756 ἐν
824 2690 892 2779 χερί
914 2695 1001 2779 χαῖον
1025 2692 1169 2780 ἔχουσα“.
1194 2692 1299 2758 καὶτὸ

151 2789 219 2881 παρ’
248 2795 392 2880 Ἀλκμᾶνι
423 2794 456 2859 δὲ
488 2797 647 2881 λεγόμενον
679 2797 860 2884 ἐρυσίχαιον,
890 2807 935 2885 τῷ
961 2797 1041 2884 χαίῳ
1070 2798 1202 2884 ἐρύοντα,
1233 2799 1301 2883 ἤτοι

151 2899 352 2984 ποιμαίνοντα.
398 2903 551 2962 Alcmanis
580 2908 777 2964 testimonium
806 2905 922 2987 plenius
953 2927 971 2964 a
994 2905 1142 2986 Stephano
1164 2905 1238 2986 Byz.
1262 2927 1300 2966 ex
1368 2983 1371 2988 1

150 3007 320 3067 Herodiano
343 3017 376 3068 ut
398 3007 515 3069 videtur
537 3010 663 3070 effertur.
696 3010 739 3070 Of.
763 3015 850 3072 etiem
875 3021 963 3092 etym.
981 3033 1018 3071 m.
1036 3015 1108 3087 807,
1118 3015 1160 3070 44
1176 3032 1192 3072 e
1207 3011 1298 3071 schol.

151 3113 241 3194 Apln.
288 3113 474 3174 Simillimum
505 3125 548 3175 est
570 3119 686 3174 initium
709 3117 814 3175 scholii
836 3121 868 3176 iu
889 3139 915 3176 v.
938 3119 984 3178 lV
1001 3120 1061 3177 989
1086 3114 1196 3201 στάχυν
1220 3115 1300 3200 ὄμπ-

150 3240 229 3280 νιονε
253 3215 344 3281 πολὺν
372 3219 493 3304 δαψιλῆ.
519 3220 653 3304 Φιλητᾶς
678 3217 711 3282 δὲ
734 3218 765 3284 έν
789 3218 942 3293 Ἀτάκτοις
965 3220 1120 3293 Γλώσσαις
1143 3221 1298 3287 ἀπέδωκεν

150 3319 272 3406 ὄμπνιον
298 3322 409 3410 στάχυν
432 3321 479 3387 τὸν
504 3322 630 3410 εὔχυλον
653 3323 704 3388 καί
725 3326 880 3410 τρόφιμον.
912 3324 1091 3412 Κυρηναίων
1108 3326 1142 3390 δέ
1158 3351 1232 3400 τινες
1248 3327 1298 3393 τὸν

150 3427 289 3492 πλούσιον
313 3426 363 3492 καί
392 3427 554 3514 εὐδαίμονα
586 3429 708 3514 ὄμπνιον
738 3432 888 3496 καλοῦσιν.
922 3431 1041 3517 ἄμεινον
1074 3429 1107 3496 δὲ
1139 3433 1298 3520 φερέσβιον

150 3533 242 3597 εἰπεῖν
265 3532 354 3598 οἱονεί
377 3532 504 3619 ἔμπνοόν
528 3560 592 3600 τινα
620 3536 689 3601 ὄντα
720 3535 770 3601 καί
801 3537 933 3622 ὄμπνιον.
979 3542 1026 3600 De
1056 3541 1236 3620 etymologia
1266 3545 1298 3601 in

148 3650 280 3700 extrema
302 3651 384 3722 perte
407 3643 509 3702 scholii
532 3644 646 3724 prolata
669 3645 704 3704 cl.
729 3655 814 3726 etym.
841 3648 1012 3722 erueras.
1044 3667 1067 3707 s.
1091 3667 1119 3704 v.
1143 3642 1296 3728 ὅμφαλος;

148 3746 237 3806 schol.
260 3749 291 3806 in
314 3749 381 3813 Nic.
405 3749 453 3810 Al.
480 3753 515 3825 73
546 3751 634 3810 schol.
658 3753 688 3810 in
711 3752 856 3832 Lycophr'.
880 3774 907 3812 v.
935 3755 1016 3812 1264
1040 3752 1079 3831 (p.
1106 3755 1227 3826 181,18
1251 3751 1296 3813 ed.

146 3851 290 3933 litaret).

236 3957 302 4022 Sch.
318 3959 351 4018 11
367 3961 448 4020 1005
468 3959 627 4044 στυφελὴν,
651 3963 791 4046 τραχεῖαν
815 3959 864 4024 καί
888 3961 1028 4047 σκληράν.
1053 3959 1148 4034 οὕτως
1167 3958 1296 4026 Κλειτό-

146 4119 354 4132 μιῇ-...η-

224 4219 309 4290 1)οο
336 4220 434 4290 quibus
464 4219 569 4278 duabus
598 4223 752 4280 rationibus
779 4227 836 4296 egit
862 4227 947 4297 Leop.
970 4227 1047 4282 Oohn
1073 4226 1123 4296 „de
1149 4226 1296 4284 Heraclide

142 4309 279 4365 Pontico“
307 4311 336 4365 in
363 4311 644 4369 commentationibus
672 4315 771 4371 Philol.
801 4318 829 4372 in
857 4319 987 4374 honorem
1016 4320 1049 4373 Α.
1075 4315 1295 4373 Reifferscheidii

141 4399 267 4469 scriptis.
298 4400 410 4457 Vretisl.
433 4406 512 4459 1884.

220 4492 249 4564 2)
267 4491 308 4548 Cf.
328 4491 464 4549 Wissowe
483 4494 511 4548 in
532 4495 761 4567 encyclopoediee
779 4497 832 4555 rol.
850 4499 863 4554 1
882 4516 910 4571 p.
932 4502 1009 4556 1827.

1039 4591 1085 4656 4*
