3194 5200
586 343 587 348 Ν
680 387 720 450 19.

129 563 260 641 testigia.
276 564 460 641 grammatici
471 564 652 622 :recenuoris
675 569 798 636 exstare,
821 562 920 640 quiea
935 557 1139 621 retractaverit
1155 567 1185 620 et
1199 573 1275 620 com·

128 647 293 742 mutarerit.
325 647 457 748 ,Semper
478 655 539 738 fere
561 645 652 736 verba
673 675 801 741 mutata,
832 659 920 748 saepe
942 667 1091 747 complura
1113 664 1224 725 scholia
1245 668 1277 724 in

128 794 217 833 unum
233 782 393 850 contracta,
412 773 561 856 permulta
578 775 692 848 omissa,
702 809 703 812 =
715 771 856 831 nonnulla
871 771 974 832 addita
989 780 1064 832 sunt.
1110 772 1171 832 Vix
1186 775 1278 850 igitur

128 879 174 939 his
197 870 515 942 additamentislfidem
538 879 725 951 habebimus,
748 881 803 938 etsi
825 879 968 937 nonnulla
990 899 1060 938 sane
1083 898 1153 938 vera
1176 886 1205 938 et
1227 898 1276 956 ge-

128 991 219 1047 nuina
241 1008 304 1048 esse
331 983 471 1068 possunt,
503 995 536 1046 ut
567 986 655 1045 adv.
679 986 773 1045 1202
798 985 835 1046 de
858 984 971 1045 duabus
995 984 1097 1047 Olenis
1120 989 1277 1060 annotatio,

102 1117 103 1124 ¹
126 1096 160 1153 in
182 1094 234 1153 LF
257 1097 372 1169 vitiosa,
394 1093 443 1154 uel
465 1096 496 1151 in
518 1113 545 1152 v.
570 1093 716 1152 1110522
739 1088 921 1175 Στύμφηλος
944 1087 1006 1160 υἱὸς
1030 1086 1197 1172 Λυκάονος,
1226 1086 1278 1152 καὶ

128 1195 308 1283 Στύμφηλος
332 1199 382 1260 ἀπ’
406 1196 496 1260 αὐτοῦ
520 1195 604 1267 πόλις
627 1195 658 1286 ἐν
681 1193 827 1282 Ἀρκαδίᾳ.
1102 1189 1103 1192 “

604 1329 811 1340 -ω--ι-

508 1397 639 1486 Caput
662 1397 893 1469 seormdum.

216 1529 335 1590 Scholia
357 1529 556 1610 Apolloniana
579 1529 627 1590 vel
651 1529 750 1611 qualia
780 1529 819 1588 ad
846 1537 978 1590 nostrum
999 1537 1115 1611 tempus
1135 1547 1275 1610 pervene-

126 1643 197 1694 runt
220 1639 270 1715 qui
298 1636 407 1710 volvit,
438 1635 626 1695 lectissimam
657 1634 820 1694 doctrinam
848 1621 1104 1712 grammaticorum
1133 1634 1277 1695 industria

126 1741 170 1800 ibi
192 1750 359 1819 congestam
383 1739 540 1798 admodum
563 1739 733 1798 admiratur.
778 1739 875 1799 Multo
906 1748 1004 1800 autem
1032 1743 1127 1818 magis
1150 1743 1277 1821 antiquis

129 1849 329 1924 grammaticis
351 1846 525 1905 scholiorum
549 1847 665 1924 copiae,
696 1847 866 1925 priusquam
888 1865 940 1928 per
967 1853 1012 1906 tot
1034 1845 1152 1906 saecula
1173 1849 1205 1904 in
1228 1845 1276 1906 de-

126 1950 282 2010 scribendo
306 1951 544 2026 contraherentur
566 1959 595 2010 et
617 1959 875 2030 corrumperentur,
906 1959 1064 2032 exoptatae
1087 1961 1178 2026 erant,
1210 1953 1274 2032 qui-

127 2056 184 2116 bus
206 2061 339 2137 proprios
362 2057 474 2117 scilicet
496 2056 612 2116 libellos
634 2065 816 2116 exornarent.
861 2056 908 2116 Ao
928 2057 1059 2136 profecto
1081 2079 1099 2116 a
1126 2057 1276 2137 permultis

125 2182 220 2241 usque
243 2161 281 2220 ad
304 2163 500 2246 Byzantinam
523 2169 648 2220 aetatem
676 2162 749 2220 haec
773 2160 884 2218 scholia
907 2144 1037 2240 expilata
1059 2169 1133 2220 sunt.
1179 2159 1275 2234 Quam

126 2267 303 2326 scholiorum
325 2271 503 2341 memoriam,
527 2285 602 2348 quae
625 2285 695 2326 sane
718 2265 874 2343 diligenter
895 2265 1061 2345 colligenda
1083 2275 1136 2342 est,
1159 2267 1276 2328 Keilius

125 2378 158 2433 in
181 2371 317 2448 editione,
340 2377 417 2433 siout
439 2379 551 2432 ceteros
575 2371 690 2431 codices
713 2371 800 2450 plane
822 2371 962 2448 neglexit,
986 2371 1025 2430 ad
1047 2371 1159 2431 scholia
1181 2391 1276 2433 emen·

127 2477 225 2538 danda
247 2487 277 2538 et
299 2477 463 2559 supplenda
484 2497 602 2558 perraro
625 2475 766 2536 adhibuit.
1000 2471 1002 2476 ’

214 2583 263 2642 Sic
285 2585 454 2663 saepissime
477 2582 570 2642 Orum
591 2585 623 2640 in
645 2582 720 2640 libro
743 2575 810 2663 περὶ
832 2579 958 2642 ἐθνικῶν
986 2582 1098 2644 scholia
1120 2581 1275 2662 Sophoclis

126 2691 311 2764 grammatici
334 2691 524 2767 exscripsisse
547 2683 695 2766 seimus1).
751 2679 842 2746 Cuius
868 2687 937 2746 libri
958 2687 1098 2768 reliquiae
1119 2693 1276 2769 praecipue

127 2791 207 2872 apud
230 2792 411 2872 Stephanum
427 2794 497 2872 Byz.
521 2801 551 2854 et
572 2795 604 2851 in
626 2791 831 2871 etymologicis
853 2801 1009 2851 servantur.
1054 2793 1154 2850 Etiam
1176 2803 1276 2853 auctor

126 2898 302 2958 scholiorum
324 2899 355 2957 in
378 2899 560 2978 Dionysium
582 2897 779 2976 Periegetam,
810 2900 842 2955 in
864 2898 969 2980 quibus
991 2917 1077 2978 saepe
1099 2899 1275 2980 Apollonius

128 3005 259 3078 affertur,
292 3025 357 3064 curu
388 3007 452 3083 i'pso
481 3005 610 3062 carmine
639 3001 757 3062 scholiis
788 3023 857 3062 usus
880 3022 943 3063 esse
964 3002 1088 3063 videtur.
1135 3003 1274 3064 Conferas

127 3129 150 3170 e.
174 3129 202 3187 g.
226 3109 314 3170 schol.
337 3113 369 3168 in
391 3111 479 3168 Dion.
503 3109 537 3168 P.
564 3109 623 3168 775
650 3107 686 3168 de
709 3107 818 3188 Sinopa
841 3129 907 3167 cum
930 3108 1019 3167 schol.
1042 3112 1073 3167 in
1095 3097 1195 3189 Apoll.
1218 3111 1275 3196 th

126 3236 153 3274 v.
176 3213 296 3275 11946.
342 3215 410 3290 Qua
438 3215 474 3274 de
504 3235 591 3274 causa
620 3213 656 3274 de
687 3217 892 3274 commentario
914 3215 1064 3274 Eustathii
1092 3219 1125 3273 in
1151 3215 1275 3276 eundem

126 3329 243 3400 poetam
266 3319 393 3380 dubitari
415 3329 525 3400 potest,
547 3329 660 3395 utrum,
684 3339 758 3400 quae
779 3323 906 3398 vestigia
928 3320 1102 3380 scholiorum
1123 3321 1275 3400 Apollonii

126 3426 169 3485 ibi
193 3435 317 3502 exstant,
340 3447 377 3486 ex
392 3429 465 3505 ipsis
482 3425 601 3484 scholiis
616 3424 737 3504 Apolln.
755 3434 871 3505 sumpta
886 3429 945 3485 sint
960 3448 998 3484 an
1014 3430 1141 3506 antiquis
1155 3427 1274 3486 scholiis

125 3534 157 3590 in
169 3532 255 3590 Dion.
271 3531 305 3590 P.
321 3531 489 3592 debeantur.
512 3532 669 3596 Praeterea
683 3531 826 3590 nonnulla
840 3535 928 3591 etiam
943 3551 996 3612 per
1010 3533 1189 3612 Stephanum
1202 3535 1273 3614 Byz.

126 3645 156 3696 et
178 3657 229 3716 per
251 3638 486 3716 etymologicum,
510 3637 616 3717 quibus
630 3637 805 3696 Eustathius
826 3657 895 3696 usus
918 3645 969 3715 est,
992 3658 1029 3698 ex
1051 3639 1170 3697 scholiis
1182 3640 1274 3719 Apol-

125 3741 197 3800 louii
229 3745 260 3800 in
291 3746 353 3802 eius
384 3745 606 3802 commentarios
637 3745 804 3823 pervenisse
833 3752 960 3822 possunt.
1015 3745 1156 3823 inspicias
1188 3748 1273 3820 enim,

126 3865 243 3926 quaeso,
267 3866 341 3926 qnae
363 3846 400 3906 de
415 3867 487 3907 voce
504 3844 612 3931 ῥόμβος
629 3848 666 3907 ab
681 3849 839 3906 Eustathio
855 3847 893 3906 ad
908 3849 995 3907 Dion.
1012 3850 1076 3908 Per.
1091 3871 1119 3907 v.
1138 3853 1220 3908 1134
1245 3860 1274 3910 et

126 3971 201 4031 quae
216 3955 247 4011 in
261 3950 412 4032 Odysseae
425 3975 453 4013 v.
466 3975 485 4012 α
500 3955 540 4012 32
564 3953 604 4032 (p.
623 3955 715 4028 1387,
728 3956 783 4032 43)
806 3953 991 4030 adnotantur,
1014 3954 1186 4034 quibuscum
1206 3977 1273 4016 con-

125 4057 201 4116 feras
225 4065 254 4116 at
276 4058 388 4116 scholia
411 4061 440 4117 in
459 4058 613 4138 Apollonii
634 4079 682 4116 vv.
706 4059 820 4118 11139
846 4066 875 4117 et
898 4058 943 4117 IV
961 4061 1020 4118 143
1044 4067 1074 4119 et
1096 4051 1184 4140 etym.
1208 4081 1272 4139 gen.

125 4161 181 4222 sub
202 4163 324 4223 vocibus
348 4161 497 4247 ῥυμβόνας
521 4171 550 4224 et
573 4161 678 4248 ῥυμβῷ
703 4191 742 4215 =
767 4171 853 4244 etym.
875 4173 912 4223 in.
937 4167 1062 4240 706,20
1086 4175 1115 4225 et
1139 4170 1272 4242 706,25.

200 4301 227 4370 1)
246 4299 286 4354 cl.
306 4301 408 4369 Lenta,
428 4300 529 4356 Herod.
549 4301 608 4356 rell.
628 4299 715 4370 prael.
735 4317 761 4371 p.
781 4303 833 4354 223
845 4317 894 4368 ss.;
921 4302 1105 4369 Warnkross,
1124 4300 1158 4356 de
1176 4317 1273 4370 paroe-

124 4389 297 4471 miographis
316 4390 438 4446 Graecis.
459 4392 530 4446 Dias.
551 4391 654 4462 Gryph.
676 4394 742 4445 1881
763 4390 790 4446 in
810 4398 925 4448 sentent.
947 4387 1049 4462 contr.;
1076 4391 1272 4464 Reitzenstein,

125 4483 224 4544 Geoch.
244 4477 294 4542 der
311 4481 523 4556 griechniltym.
543 4484 656 4554 passim.
1019 4557 1064 4622 2.
