3194 5200
557 1489 687 1582 Caput
709 1456 891 1580 primurn.

241 1637 358 1698 Scholia
379 1640 411 1696 in
429 1637 582 1717 Apollonii
596 1637 707 1698 Rhodii
722 1637 924 1716 Argonautica
944 1642 1070 1718 primum
1093 1639 1172 1698 edita
1194 1648 1262 1698 sunt
1275 1639 1296 1718 ¹)

154 1763 230 1802 anno
256 1746 336 1802 1496
354 1743 523 1802 Florentiae
545 1751 670 1818 auctore,
693 1752 726 1802 ut
748 1743 872 1804 credunt
893 1745 1025 1804 homines
1048 1743 1135 1819 docti,
1159 1745 1297 1805 Johanne

150 1849 279 1907 Lascari.
324 1849 408 1908 Haec
439 1847 530 1908 editio
561 1851 604 1906 ita
634 1851 769 1908 instituta
801 1857 853 1922 est,
887 1857 920 1908 ut
950 1848 1050 1910 verbis
1080 1859 1186 1928 poetae
1216 1853 1296 1930 typis

149 1953 353 2034 pulcherrimis
376 1957 520 2034 expressis
543 1953 654 2013 scholia
676 1957 707 2012 in
730 1953 910 2032 marginibus
938 1953 977 2014 ad
1007 1955 1140 2014 codicum
1170 1959 1296 2035 speciem

150 2057 251 2118 addita
274 2061 341 2118 sint.
371 2058 436 2134 Quo
461 2057 561 2118 codice
584 2061 695 2138 primus
717 2059 766 2118 hic
781 2058 874 2118 editor
889 2081 958 2118 usus
974 2062 1020 2134 sit,
1042 2061 1129 2138 plane
1144 2063 1296 2119 nescimus.

148 2163 236 2222 Hanc
269 2163 427 2224 editionem
459 2183 559 2222 omnes
591 2183 682 2242 usque
714 2162 752 2222 ad
782 2165 837 2222 hoc
869 2165 1015 2224 saeculum
1047 2163 1172 2224 editores
1204 2167 1296 2224 secuti

150 2278 227 2344 sunt,
250 2279 319 2330 ante
341 2289 441 2328 omnes
463 2269 555 2328 Henr.
578 2264 754 2348 Stephanus.
779 2269 971 2328 Ruhnkenius
993 2272 1103 2348 primus
1117 2269 1164 2328 ‘ad
1187 2271 1296 2328 scholia

148 2373 326 2434 recensenda
348 2373 422 2432 alios
445 2373 559 2434 codices
581 2373 721 2434 adhibere
739 2373 876 2434 studebat
891 2384 921 2434 et
935 2379 1081 2453 integrum
1096 2377 1296 2455 apographum

150 2479 326 2540 scholiorum
359 2479 468 2538 codicis
498 2480 565 2538 Par.
600 2483 681 2539 2727
719 2479 775 2538 sibi
810 2479 1021 2540 conficiendum
1054 2485 1182 2557 curavit,
1217 2481 1295 2562 quod

148 2595 251 2664 postea
274 2606 327 2665 per
350 2585 418 2646 Chr.
442 2584 478 2645 G.
501 2585 652 2664 Heynium
675 2584 711 2646 G.
734 2585 898 2660 Schaefero,
929 2608 994 2646 cum
1023 2590 1129 2647 iterum
1157 2589 1205 2646 hic
1234 2588 1295 2656 edi-¹

148 2694 257 2750 tionem
273 2691 416 2750 Brunckii
439 2693 623 2765 instauraret,
647 2688 786 2748 traditum
809 2700 860 2750 est.
894 2692 953 2766 Qui
968 2696 1014 2751 vir
1029 2693 1132 2752 doctus
1147 2693 1295 2754 meliorem

149 2795 326 2856 scholiorum
349 2798 546 2855 recensionem
568 2795 625 2854 sibi
646 2797 793 2856 invenisse
815 2799 895 2859 visus
919 2807 948 2858 et
970 2799 1170 2878 apographum
1186 2798 1295 2858 codicis

148 2903 276 2960 Parisini
307 2911 336 2962 et
364 2901 483 2976 scholia,
515 2921 589 2982 quae
616 2901 718 2960 dicunt
738 2903 918 2978 Florentina,
951 2925 987 2963 ex
1009 2905 1130 2964 Henrici
1154 2904 1295 2984 Stephani

149 3007 276 3068 editione
299 3017 434 3088 separata
456 3010 606 3088 expressit,
639 3029 710 3088 quas
740 3007 813 3074 duas
835 3013 1016 3070 recensiones
1038 3020 1141 3092 postea
1163 3011 1293 3071 Wellau-

148 3133 229 3188 erus,
265 3134 330 3172 cum
363 3113 476 3172 scholia
505 3114 639 3172 Parisina
668 3114 796 3192 vulgatis
825 3114 904 3174 haud
934 3115 1022 3194 paulo
1052 3135 1115 3176 esse
1137 3115 1293 3175 deteriores

148 3228 226 3279 reete
247 3219 449 3294 intellexisset,
470 3222 502 3278 in
518 3239 608 3278 unum
623 3212 726 3298 corpus
741 3223 902 3281 coniunxit.
924 3219 1040 3280 Deinde
1056 3229 1152 3279 autern
1167 3222 1292 3298 Keilius,

149 3345 213 3384 cum
237 3345 312 3384 anno
337 3327 420 3384 1854
444 3323 619 3384 scholiorum
642 3323 782 3400 codicum,
814 3346 886 3405 quos
909 3325 1004 3386 adhuc
1032 3329 1174 3402 novimus,
1204 3327 1292 3405 longe

147 3432 437 3508 praestantissimum,
468 3431 556 3489 Laur.
579 3431 719 3505 XXXII,
733 3429 762 3504 9,
794 3431 904 3510 publici
935 3435 1006 3490 iuris
1037 3432 1151 3507 laceret,
1185 3453 1291 3509 cogno-

146 3539 224 3595 visse
252 3555 283 3596 se
313 3538 429 3615 putavit
458 3556 567 3610 „unum
598 3535 727 3596 codicem
757 3537 987 3597 Laurentianum
1018 3541 1146 3596 omnium
1177 3547 1290 3598 exstare

147 3643 256 3702 fontem
278 3645 540 3722 manuscriptorum
561 3663 656 3723 neque
678 3643 736 3702 alio
759 3653 910 3723 praeterea
932 3645 1006 3704 libro
1036 3645 1139 3704 horum
1168 3645 1291 3704 scholio-

146 3769 210 3807 rum
232 3751 400 3808 memoriam
423 3747 462 3806 ad
484 3757 613 3808 nostram
635 3757 760 3808 aetatem
781 3759 975 3831 propagatam
998 3758 1090 3810 esse“.
1116 3748 1290 3824 „Quaecun-

147 3874 204 3936 que
226 3856 325 3931 igitur,
347 3855 397 3928 ait,
419 3855 597 3912 incrementa
618 3856 650 3912 in
672 3853 717 3912 his
739 3855 904 3914 recentibus
928 3858 1141 3914 commentariis
1164 3875 1291 3915 accesse-

145 3968 220 4035 runt,
243 3961 286 4018 ita
308 3967 475 4038 comparata
498 3967 573 4032 sunt,
596 3966 629 4017 ut
651 3979 705 4018 sua
722 3969 826 4039 sponte
841 3963 1009 4039 posterioris
1023 3963 1127 4020 aetatis
1141 3962 1291 4038 ingenium
1387 4025 1388 4028 Ἴ

145 4065 300 4145 prodant“.
338 4063 393 4125 Oui
407 4063 678 4131 Keiliisententiae
693 4067 752 4124 iam
767 4064 877 4125 dudum
892 4069 950 4125 viri
965 4066 1044 4126 docti
1060 4065 1207 4127 adversati
1223 4075 1291 4126 sunt

145 4170 193 4251 (cl.
217 4170 460 4230 Wilamowitzius
482 4170 599 4230 Heracl.
618 4166 674 4230 ²11
696 4192 723 4250 p.
746 4174 823 4248 1323
845 4171 962 4233 Luetke
983 4171 1173 4252 Pherecydes
1195 4193 1223 4250 p.
1248 4175 1287 4231 36

145 4274 243 4360 adn),
275 4285 389 4356 praeter
418 4283 528 4337 ceteros
559 4274 693 4336 Fitchius
721 4279 753 4336 in
783 4286 912 4338 extremo
944 4281 1040 4358 capite
1070 4277 1289 4354 dissertationis,

218 4453 246 4522 1)
264 4451 304 4508 Of.
325 4451 409 4508 Keilii
434 4452 463 4505 in
486 4449 570 4507 schol.
599 4449 657 4507 cod.
679 4451 764 4508 Laur.
783 4453 871 4524 prael.
891 4452 957 4525 Lpr.
979 4453 1056 4518 1854,
1085 4457 1113 4508 et
1140 4450 1229 4522 praef.
1256 4451 1289 4512 G.

144 4540 286 4600 Schaeferi
304 4542 332 4599 in
351 4541 410 4600 ach.
428 4541 517 4599 Paris.
544 4541 612 4612 apr.
633 4543 711 4600 1812.
