3194 5200
713 361 753 429 35

157 539 270 619 scripta
298 547 342 619 ast
371 535 419 620 (cf.
445 535 521 597 infra
550 561 578 618 p.
606 538 670 618 62).
717 540 802 600 Alter
824 548 921 600 autem
945 537 1024 599 locus
1048 547 1092 600 est
1113 535 1203 603 ,schol
1225 539 1256 600 in
1278 559 1308 605 ν.

156 643 343 722 11039140.
367 645 414 704 Ibi
437 647 514 704 enim
537 642 575 702 ad
598 645 758 704 Dolionum
781 645 949 722 catalogum
972 646 1010 705 ab
1032 645 1213 725 Argonautis
1234 650 1309 708 occi·

157 771 257 810 sorum
292 750 463 810 adnotatur:
504 747 681 832 μνημονεύει
715 745 863 834 Δηίλοχος
898 753 958 812 τῶν
993 749 1229 834 ἀναιρεθέντων,
1268 752 1309 822 ὥς

159 877 237 938 φησι
252 853 418 938 Σοφοκλῆς,
441 864 470 915 et
493 855 598 916 deinde
622 855 660 914 ad
683 859 801 916 nomina
823 852 984 938 Τηλεκλῆα
1007 853 1063 940 ἠδὲ
1082 855 1307 944 Μεγαβρόντην,

157 982 234 1041 quos
249 961 286 1022 ab
301 961 430 1021 Hercule
446 961 616 1021 interfectos
639 981 700 1021 esse
723 970 809 1041 poeta
832 961 939 1021 tradit:
962 957 1095 1024 πέπλακε
1117 957 1155 1024 rol
1177 961 1309 1045 ὀνόματα

158 1067 254 1128 ταῦτα
271 1060 473 1140 Ἀπολλώνιος,
498 1064 551 1127 οὐκ
574 1062 632 1127 ἀπὸ
659 1062 787 1150 ἱστορίας
811 1063 926 1150 ἔλαβεν.
952 1064 1046 1137 οὕτως
1062 1063 1218 1150 Ταρραῖος.
1248 1068 1308 1144 Qui

159 1176 204 1232 ita
235 1176 358 1252 scripsit,
390 1173 496 1232 Lucilli
520 1171 627 1231 librum
648 1175 711 1252 ipse
734 1176 871 1252 inspexit,
904 1181 933 1232 et
955 1193 1021 1234 cum
1043 1175 1092 1234 hic
1114 1174 1222 1232 Lucilli
1244 1193 1308 1234 seu-

123 1299 131 1316 ¹
159 1285 254 1342 tentia
275 1283 413 1361 Sophocli
436 1290 607 1362 opponatur,
631 1301 695 1340 eum
718 1285 823 1362 ipsum,
847 1285 896 1362 qui
918 1259 985 1362 post
1007 1281 1180 1362 Sophoclem
1203 1303 1308 1363 corpus

159 1386 338 1446 scholiorum
370 1386 503 1464 confecit,
537 1390 775 1446 commentarium
804 1387 913 1446 Lucilli
943 1396 1009 1448 ante
1041 1388 1141 1448 oculos
1171 1389 1308 1451 habuisse

145 1501 192 1552 'et
215 1513 280 1552 cum
303 1493 455 1572 Sophoclis
479 1513 565 1573 opere
588 1497 772 1554 coniunxisse
795 1492 968 1554 concludere
995 1494 1072 1568 licet,
1103 1515 1160 1574 qua
1190 1493 1307 1574 quidem

160 1601 327 1658 coniectura
349 1617 383 1657 ea
407 1601 538 1677 quaestio
560 1619 617 1658 non
641 1599 771 1674 solvitur,
795 1607 891 1658 utrum
907 1599 1075 1678 Sophocles,
1099 1620 1173 1680 quac
1190 1601 1307 1680 profert,

159 1705 224 1782 ipse
258 1703 408 1781 collegerit
442 1724 480 1761 an
514 1704 726 1782 antiquioribus
760 1703 984 1785 interpretibus,
1021 1705 1138 1764 Theoni
1174 1705 1306 1782 fortasse,

160 1807 274 1868 debeat.
318 1810 417 1868 Etiam
441 1813 544 1868 ceteris
566 1809 639 1869 locis
662 1809 768 1869 Lucilli
791 1829 895 1869 nomen
916 1813 948 1868 in
971 1810 1088 1870 scholiis
1110 1813 1152 1870 ita
1180 1811 1306 1894 affertur,

160 1920 193 1971 ut
215 1921 317 1972 auctor
339 1914 515 1974 scholiorum
539 1925 703 1974 nostrorum
725 1919 790 1995 ipsa
811 1915 903 1976 verba
924 1916 1040 1992 Lucilli,
1071 1937 1130 1976 non
1159 1936 1232 1997 quae
1254 1937 1307 1998 per

160 2017 348 2097 Sophoclem,
382 2024 470 2079 trium
504 2021 620 2080 illorum
653 2025 844 2102 interpretum
877 2020 1032 2103 ultimum,
1060 2022 1170 2082 tradita
1203 2033 1306 2100 essent,

145 2124 419 2186 afferrevideatur.
450 2128 552 2206 Neque
568 2146 638 2186 vero
661 2137 815 2206 propterea
838 2131 926 2186 etiam
949 2137 1096 2188 auctorem
1118 2129 1306 2208 etymologici

160 2233 269 2307 magni,
304 2235 354 2310 qui
383 2253 411 2310 pl
438 2235 538 2306 139,5
569 2233 642 2292 haec
665 2233 772 2292 tradit:
800 2227 931 2316 Ἀρείων
955 2231 970 2292 ὁ
996 2231 1127 2316 βελτίων.
1167 2223 1306 2317 Ὅμηρος

163 2331 292 2418 ,,πατρὸς
317 2332 390 2398 πολὺ
413 2335 548 2420 χείρονος
577 2334 638 2408 υίὸς
669 2335 797 2422 ἀρείωνιι
824 2339 873 2418 (cf.
898 2333 997 2400 0641
1029 2338 1082 2398 sed
1113 2359 1167 2418 pro
1197 2337 1304 2422 ἀρείων

158 2441 266 2519 legitur
289 2439 440 2525 ἀμείνων).
473 2437 587 2526 εἴρηται
619 2439 652 2504 δὲ
682 2439 763 2526 ταρά
794 2439 827 2504 τὸ
859 2441 934 2526 ἀρης
956 2439 988 2505 ἵν’
1017 2431 1168 2527 ᾖκυρίως
1191 2443 1206 2504 ὁ
1229 2440 1305 2506 κατὰ

157 2545 288 2628 πόλεμον
308 2545 448 2609 καλλίων.
475 2546 569 2618 οὕτως
584 2542 730 2631 Ταρραῖος
754 2547 784 2610 ἐν
802 2543 1044 2632 Ἀργοναυτικοῖς,
1069 2553 1306 2611 commentarium

157 2652 266 2712 Lucilli
288 2657 383 2733 ipsum
415 2653 583 2714 adhibuisse
614 2673 666 2734 pro
697 2663 776 2714 certo
807 2654 988 2730 contendam,
1022 2676 1091 2714 nam
1114 2655 1191 2736 quod
1214 2657 1306 2718 Wila·

158 2761 321 2818 mowitzius
343 2769 518 2839 speraverat,
540 2761 602 2820 fore
624 2770 657 2820 ut
679 2764 767 2820 etiam
791 2761 856 2820 aliis
879 2762 952 2820 locis
974 2762 1162 2842 etymologici
1184 2765 1305 2840 genuini

143 2863 266 2922 Lucilli
299 2866 347 2924 vel
379 2867 455 2924 alius
489 2869 654 2946 interpretis
686 2869 803 2926 nomina
835 2866 997 2946 prodirent,
1029 2869 1088 2926 nisi
1119 2868 1215 2942 fallor,
1245 2888 1304 2929 non

157 2972 263 3028 evenit.
309 2972 345 3029 In
369 2972 486 3030 scholiis
509 2974 617 3032 similia
638 2993 782 3053 nusquam
804 2973 956 3050 leguntur3
979 2973 1139 3034 Merkalius
1162 2974 1304 3054 (prolegg.

156 3093 187 3152 p.
210 3074 301 3152 LXI;
331 3077 365 3135 cf.
389 3077 623 3137 Berckmannum
646 3099 675 3158 p.
700 3078 732 3159 9)
756 3079 945 3158 etymologici
973 3078 1070 3138 locum
1101 3079 1244 3140 scholium
1272 3083 1304 3138 in

155 3200 184 3238 ν.
208 3181 240 3240 II
254 3184 292 3240 77
316 3181 405 3243 fuisse
427 3187 571 3263 opinatur,
601 3183 653 3243 ubi
681 3205 734 3264 pro
765 3185 863 3243 verbis
894 3187 924 3243 in
956 3183 1106 3244 codicibus
1135 3189 1251 3266 scriptis
1272 3207 1304 3248 τε
1387 3175 1389 3182 ’

155 3281 284 3367 χερείων
306 3289 337 3345 in
358 3289 479 3347 scholiis
502 3291 584 3348 varia
606 3291 750 3369 scriptura
772 3285 821 3351 καί
845 3287 953 3372 ἀρείων
977 3290 1109 3351 traditur.

245 3391 370 3452 Restant
394 3395 484 3471 igitur
513 3393 570 3453 duo
601 3395 777 3453 scholiorum
808 3395 872 3470 loci,
903 3395 1008 3475 quibus
1030 3396 1139 3456 Lucilli
1161 3399 1305 3456 sententia

155 3498 273 3556 nomine
296 3497 397 3557 addito
420 3499 573 3578 profertur.
618 3501 750 3560 Primum
772 3500 861 3560 schol.
885 3503 917 3560 in
938 3522 965 3560 v.
989 3502 1079 3560 1187
1103 3499 1140 3561 de
1161 3501 1302 3578 Imbraso,

154 3601 246 3660 fluvio
269 3603 348 3662 Sami
377 3605 498 3679 insulae,
529 3614 616 3666 antea
638 3606 799 3665 Parthenio
830 3606 977 3686 appellato
1009 3601 1058 3666 θιά
1085 3601 1117 3666 τὸ
1141 3604 1203 3666 ἐκεῖ
1225 3628 1303 3689 τιαρ-

158 3703 244 3768 θένον
279 3705 370 3770 οὖσαν
404 3705 573 3792 τετράφθαι
607 3707 660 3792 τίην
686 3701 799 3793 Ἥραν.
841 3707 890 3772 καί
926 3705 1122 3793 Καλλίμαχος
1158 3707 1303 3792 μέμνηται

155 3807 260 3894 <,,ἀντί
282 3807 340 3896 γάρ
363 3811 497 3896 ἐκλήθης
514 3801 663 3898 Ἴμβραοε
687 3811 894 3896 Παρθενίοο“.
922 3811 1079 3896 Παρθενία
1104 3809 1136 3873 δὲ
1158 3813 1177 3895 ἡ
1202 3811 1303 3896 Σάμος

139 3916 303 3979 ιέκαλεῖτο.
327 3917 472 4002 ἐκέχρητο
496 3917 553 4004 γάρ
577 3919 695 3990 πολλοῖς
720 3919 859 4001 ὀνόμασι·
884 3916 934 3980 καί
956 3915 1013 4003 γὰρ
1032 3916 1231 4002 Μελαίνθεμος
1254 3917 1302 3982 καί

158 4021 317 4106 Παρθενία
347 4021 395 4087 καί
427 4020 630 4107 Ἀνθεμοῦσσα
662 4022 855 4110 exoletam
891 4025 906 4085 ὁ
942 4020 975 4085 δὲ
1007 4022 1155 4108 Ταρραῖος
1189 4023 1302 4096 οὕτως·

156 4125 314 4212 Παρθενία
338 4127 370 4190 δὲ
394 4127 531 4213 ἡΣοίμος
555 4127 614 4192 ἀπὸ
631 4127 801 4214 Παρθενίας
824 4135 877 4214 τῆς
893 4128 997 4214 Σοίμοο
1021 4128 1158 4214 γυναικὸς
1180 4129 1302 4214 ὠνομά-

156 4233 228 4318 σθη.
274 4236 371 4296 Priori
393 4241 471 4317 parti
493 4238 605 4314 scholii,
633 4240 682 4298 cui
704 4241 849 4300 sententia
870 4239 978 4298 Lucilli
1003 4241 1167 4319 opponitur,
1189 4237 1303 4296 similli-

230 4445 256 4516 1)
275 4444 352 4515 Quae
370 4446 449 4502 uncis
469 4445 569 4502 inclusi
588 4461 603 4502 e
622 4445 726 4502 acholio
746 4444 782 4502 ad
801 4463 826 4506 ν.
846 4447 872 4503 ΙΙ
882 4449 935 4504 867
953 4445 1083 4518 suppleta
1102 4451 1174 4501 runt.

1095 4527 1147 4606 Β*
