3194 5200
832 400 872 458 68

276 563 393 654 Ἑρμῆς
424 568 510 651 λόγος
540 565 614 632 εἶναι
645 568 858 654 παραδέδοται,
891 568 1014 655 ὄργανον
1049 567 1082 632 δὲ
1115 569 1206 634 αὐτοῦ
1238 574 1257 656 ἡ
1290 575 1423 656 γλῶσσα,

280 674 344 758 ἥτις
368 672 459 737 ὕπνου
482 673 671 745 ἐπιπεσόντος
694 675 810 759 ἠρεμεῖ,
842 675 964 746 εἰκότως
994 677 1036 761 τῷ
1054 669 1157 761 Ἑρμῇ
1179 675 1270 762 αὐτὴν
1295 677 1424 742 θύουσιν.

280 776 329 842 καὶ
345 769 485 864 Ὅμηρος
510 779 668 861 ,,γλώσσας
693 773 718 842 δ’
743 780 773 843 ἐν
795 777 864 865 πυρί
890 779 1016 865 βάλλον“
1034 783 1064 864 (χ
1078 786 1162 861 341).
1187 784 1343 845 Simillima
1357 794 1426 845 sunt

281 888 393 948 scholia
416 891 446 946 in
469 885 523 948 Od.
548 911 575 946 v.
600 890 703 968 7332,
728 891 789 948 344
814 896 844 948 et
865 889 972 949 Athen.
996 889 1108 949 Illib.
1154 891 1252 950 Etiam
1282 892 1425 951 hocloco

281 993 404 1054 duorum
425 997 616 1074 interpretum
639 997 765 1073 vestigia
788 1014 964 1072 cognoscere
984 1015 1144 1075 possumus,
1166 1017 1234 1056 nam
1249 997 1337 1076 plane
1350 999 1425 1056 alius
1520 992 1523 997 ’

281 1099 388 1160 indolis
417 1109 485 1160 sunt
516 1119 590 1181 quae
620 1099 657 1160 de
685 1099 788 1160 eodem
817 1121 871 1159 usu
900 1100 969 1160 inde
998 1121 1067 1181 ap.
1093 1104 1164 1176 380,
1177 1105 1216 1162 34
1241 1102 1425 1178 adnotantur,

281 1205 334 1266 ubi
368 1197 460 1266 αἴτιον
494 1225 563 1266 usus
597 1205 754 1266 secundum
787 1205 983 1266 Dieuchidam
1017 1215 1153 1266 namatur
1164 1205 1192 1285 ¹).
1248 1207 1426 1275 Laudatoris

282 1315 407 1390 vestigia
429 1320 578 1392 praeterea
599 1315 730 1372 invenies
752 1315 783 1370 in
806 1312 895 1372 schol.
919 1312 1031 1372 11124
1056 1310 1190 1388 εἰκότως·
1221 1313 1240 1394 ἡ
1272 1308 1327 1395 γὰρ
1357 1313 1425 1396 δρῦς

282 1411 347 1498 ἱεροί
369 1420 422 1498 τῆς
446 1413 533 1496 Ρέας,
558 1416 599 1487 ὥς
623 1439 713 1500 φησιν
731 1412 951 1501 Ἀπολλόδωρος
974 1416 1003 1478 ἐν
1027 1415 1116 1500 τρίτῳ
1139 1414 1204 1502 περὶ
1231 1419 1326 1495 θεῶν;
1351 1438 1426 1500 quoe

282 1532 450 1602 sequuntur,
472 1543 571 1584 rursus
594 1523 633 1582 ad
655 1524 743 1584 alium
765 1527 953 1604 interpretem
975 1532 1107 1604 spectare
1129 1524 1264 1586 videntur
1272 1522 1310 1605 εῑ);
1343 1520 1426 1608 δρυί-

281 1649 349 1698 νους
379 1624 412 1689 δὲ
442 1626 548 1698 αὐτούς
580 1651 655 1712 φησι
685 1626 849 1712 στέρεσθαι
880 1624 929 1690 διὰ
958 1625 991 1689 τὸ
1024 1627 1204 1713 μεμερίσθαι
1233 1631 1271 1712 τῇ
1301 1628 1364 1714 θεῷ
1391 1628 1425 1692 τὸ

284 1730 404 1816 δένδρον
427 1735 512 1796 τοῦτο
538 1729 642 1794 διὰτὸ
669 1729 719 1794 καί
750 1726 831 1816 πρὸς
851 1731 956 1814 στέγας
985 1731 1036 1795 καὶ
1066 1732 1137 1818 πρὸς
1166 1733 1279 1819 τροφὴν
1310 1739 1426 1818 πρῶτον

281 1835 520 1922 χρησιμεῦεαιθ).
564 1841 600 1899 Ιυ
622 1841 684 1902 sch.
706 1841 812 1900 11215
836 1837 957 1923 (κυρίως
980 1836 1013 1902 δὲ
1036 1837 1107 1923 πρὸς
1130 1836 1167 1902 τὰ
1189 1839 1369 1924 ὑποκείμενα
1391 1839 1426 1904 οὐ

282 1941 385 2006 Ξενίου
418 1943 499 2020 Δίος,
531 1944 595 2007 ἀλλ’
622 1937 750 2006 Ἱκεσίου
781 1943 1020 2029 μέμνηται...);
1054 1947 1113 2006 sch.
1145 1949 1271 2023 112163
1303 1949 1426 2017 11286;
1487 1963 1490 1966 ·

283 2050 506 2112 sch.111847:
538 2047 641 2136 νυχίαν
672 2046 706 2110 δὲ
738 2046 817 2112 εἶπεν
847 2051 899 2130 (sc.
923 2046 1033 2133 Δαῐροιν
1058 2052 1108 2111 val
1130 2047 1336 2135 Περσεφόνην)
1360 2050 1428 2133 ἤτοι

284 2150 334 2216 διὰ
363 2151 395 2216 τὸ
425 2153 558 2240 χθονίων
590 2152 755 2240 βασιλεύειν
783 2190 824 2202 ·-
854 2153 944 2218 νύκτα
974 2151 1030 2238 γὰρ
1060 2152 1109 2220 τόν
1139 2155 1308 2245 ᾀφώτιστον
1337 2156 1426 2222 τόπον

284 2259 359 2345 φασί
388 2297 430 2308 -
460 2263 480 2344 ἢ
511 2261 547 2345 ἣν
577 2259 678 2333 νυκτὸς
709 2259 799 2345 οὔσης
830 2259 1006 2351 ἱλάσκονται.
1045 2259 1167 2343 εὔλογον
1198 2259 1254 2347 γὰρ
1284 2260 1337 2346 τὴν
1368 2268 1427 2326 τῶν

284 2364 395 2451 νυχίων
417 2366 516 2430 τόπων
539 2370 705 2451 κρατοῦσαν
727 2365 804 2428 κατὰ
833 2365 886 2449 τὴν
914 2373 966 2450 τῆς
997 2365 1098 2438 νυκτὸς
1129 2369 1209 2451 ὥραν
1241 2366 1426 2432 ἱλάσκεσθαι.

284 2473 394 2534 Contra
416 2476 531 2534 initium
556 2473 659 2534 scholii
683 2483 712 2534 et
734 2467 808 2555 quae
831 2483 990 2556 sequuntur
1007 2473 1077 2534 inde
1094 2496 1153 2555 a-p.
1170 2479 1241 2550 469,
1254 2479 1292 2536 33
1317 2475 1354 2536 dc
1375 2498 1427 2536 no-

284 2582 362 2640 mine
383 2575 486 2662 Δαῖροι,
509 2579 560 2640 ubi
583 2580 781 2640 Timosthenie
805 2589 834 2642 et
850 2581 991 2660 Aeschyli
1014 2584 1180 2642 testimonia
1202 2581 1366 2659 afferuntur,
1388 2583 1428 2644 ad

283 2688 471 2760 vetustiorem
493 2685 671 2746 scholiorum
693 2695 806 2767 partem
827 2691 981 2766 pertinent.

371 2790 512 2852 Eiusdem
533 2796 716 2870 grammatici
739 2793 881 2854 nonnulla
904 2793 962 2852 alia
982 2793 1092 2853 scholia
1114 2792 1218 2852 similis
1239 2791 1347 2854 indolis
1364 2811 1428 2853 esse

284 2906 364 2978 puto,
395 2900 427 2956 in
451 2896 556 2977 quibus
579 2906 666 2978 poeta
688 2918 747 2958 non
770 2897 888 2978 quidem
909 2897 1054 2972 laudatur,
1085 2897 1135 2958 sed
1159 2897 1293 2974 singulae
1314 2905 1428 2957 tantum

285 3021 331 3063 res
359 3021 498 3078 moresve,
527 3023 600 3083 quos
630 3006 736 3080 tetigit,
765 3002 882 3063 aliunde
913 3003 1133 3063 confirmantur:
1162 3011 1195 3062 ut
1221 3001 1426 3062 sobolibus

285 3104 388 3170 λύουσι
410 3101 467 3190 γὰρ
490 3102 541 3178 τὰς
567 3107 664 3178 ζώνας
688 3107 718 3170 αἱ
741 3111 865 3190 πρώτως
889 3105 1039 3169 τίκτουσαι
1058 3104 1108 3169 καί
1124 3105 1315 3170 ἀνατιθέασιν
1331 3103 1429 3190 Ἀρτέ-

287 3213 358 3296 μιδι,
390 3211 460 3274 ὅθεν
488 3209 538 3276 καί
562 3212 737 3297 Λυσιζώνης
760 3210 926 3298 Ἀρτέμιδος
958 3210 1034 3297 ἱερὸν
1059 3213 1089 3275 ἐν
1119 3209 1254 3297 Ἀθήναις
1277 3213 1323 3294 (cf.
1348 3214 1427 3275 Suid.

286 3326 315 3378 et
342 3318 500 3399 Hesych.);
534 3321 592 3380 sch.
616 3322 730 3380 1324:
765 3317 892 3402 σύνηθες
924 3321 984 3390 τοῖς
1015 3319 1112 3402 ἥρωσι
1145 3317 1277 3403 δέρματα
1307 3328 1427 3404 papatu

360 3508 386 3576 l)
406 3507 511 3563 Neuter
538 3507 622 3576 igitur
652 3508 805 3577 interpres,
835 3509 906 3578 quod
934 3507 1085 3564 Merkeliue
1115 3508 1142 3562 in
1170 3505 1291 3564 editione
1315 3509 1429 3578 recapit,

285 3600 465 3670 κερασσάμενοι
484 3593 523 3650 Διὶ
542 3597 627 3668 λοιβάς
646 3598 706 3666 (pro
727 3597 770 3670 δὴ)
789 3597 889 3665 legisse
908 3595 1025 3662 videtur,
1052 3613 1112 3664 cum
1132 3596 1204 3652 altor
1222 3595 1360 3652 Mercurio
1380 3598 1430 3652 lin·

286 3702 354 3756 guas
374 3685 525 3741 sacrificari
544 3685 627 3755 dicat,
647 3686 718 3742 alter
738 3686 861 3741 omnibus
882 3685 932 3754 dis,
958 3701 1072 3756 quocum
1092 3685 1194 3754 optima
1213 3685 1339 3740 convenit
1358 3685 1430 3756 quod

287 3775 445 3832 (berhardus
465 3777 538 3846 (lect.
560 3778 611 3846 Ap.
632 3793 658 3846 p.
680 3779 726 3845 75)
745 3793 795 3844 pro
816 3777 866 3829 ἐστὶ
884 3778 948 3836 τέως
968 3777 1137 3831 coniecerat:
1166 3775 1216 3827 ἐστὶ
1236 3772 1310 3834 θεοῖς.
1347 3776 1430 3829 Athe·

286 3882 371 3922 naeus
390 3867 499 3935 quidem
519 3867 605 3922 tradit
624 3867 641 3921 l.
661 3866 679 3922 l.
699 3867 781 3922 etiam
797 3863 837 3920 Διὶ
852 3867 939 3932 τελείῳ
960 3863 1162 3935 posterioribus
1181 3859 1350 3932 temporibus
1369 3879 1430 3919 csse

287 3956 409 4012 libatum.

359 4047 387 4116 2)
407 4044 448 4101 ef.
467 4045 586 4114 Miinzel‚
612 4045 645 4102 de
671 4045 798 4116 Apollod.
823 4047 879 4120 περὶ
905 4045 973 4099 θεῶν
999 4044 1078 4100 libris
1104 4043 1168 4098 diss.
1195 4044 1281 4098 Boon.
1300 4045 1334 4098 83
1360 4051 1430 4099 seut.

288 4143 373 4190 contr.
394 4136 488 4206 XV113
508 4135 555 4192 sed
575 4143 667 4205 potest
686 4153 730 4192 res
750 4137 834 4192 etiem
853 4137 893 4190 ita
911 4152 941 4190 se
961 4135 1070 4202 bebere,
1096 4141 1126 4189 ut
1145 4133 1216 4190 idem
1235 4133 1368 4188 scholium
1388 4133 1431 4189 bis

287 4227 371 4280 variis
390 4225 478 4282 modis
498 4233 656 4294 excerptum
675 4227 720 4280 sit.

360 4319 388 4386 3)
407 4315 542 4371 Adhibuit
565 4322 665 4383 autem,
691 4323 721 4370 ut
747 4315 862 4382 videtur,
889 4311 1017 4368 laudator
1043 4321 1142 4384 poetae
1168 4313 1197 4367 in
1224 4311 1348 4368 versibus
1373 4311 1432 4367 eius

288 4405 458 4475 explicandis
473 4404 635 4475 Apollodori
653 4406 709 4478 περὶ
727 4405 794 4459 θεῶν
814 4405 914 4471 libros3
934 4403 1056 4459 fortasse
1075 4404 1162 4474 igitur
1180 4402 1263 4458 etiam
1277 4402 1342 4469 alia,
1362 4416 1433 4470 quae

290 4494 397 4565 profert
417 4495 550 4553 derebus
569 4496 665 4565 sacris,
684 4494 720 4552 ad
739 4495 852 4552 cundem
872 4500 1012 4551 auctorem
1031 4493 1131 4551 referri
1151 4499 1276 4564 possunt.
