3194 5200
694 455 733 516 21

224 627 359 716 Apparet
372 631 463 711 igitur
474 630 623 693 Eustathii
639 629 856 692 adnotationem
871 631 902 692 in
917 645 944 692 v.
958 653 978 693 α
988 633 1028 693 32
1046 627 1088 714 (ρ.
1101 633 1240 710 nasum
1252 635 1288 710 s.)

138 758 176 800 ex
198 739 392 820 etymologica
414 759 521 816 magno
544 737 679 798 haustam
701 757 772 813 csse,
795 758 861 797 cnm
876 741 908 796 in
924 743 1132 800 commentario
1148 741 1287 821 Dionysii

138 848 204 924 ipsa
226 845 336 904 scholia
358 843 557 924 Apolloniana
586 852 638 904 aut
665 845 703 905 ab
726 844 882 902 Eustathio
914 852 966 904 aut
996 866 1015 903 a
1046 845 1225 904 scholiorum
1256 851 1288 906 in

137 951 314 1030 Dionysium
346 957 464 1010 auctore
495 950 628 1010 adhibita
658 953 724 1009 sint.
769 948 829 1009 Sed
859 956 957 1010 tamon
990 953 1077 1010 etiam
1108 953 1140 1010 in
1164 952 1284 1019 Homeri

136 1057 352 1116 commentariis
375 1055 563 1115 Eustathium
585 1058 649 1136 ipsa
670 1055 781 1115 scholia
803 1053 957 1134 Apollonii
979 1054 1076 1116 adisse
1098 1057 1223 1116 fortasse
1246 1077 1283 1116 cx

133 1161 208 1236 loco,
242 1179 327 1242 quem
349 1161 595 1220 Reitzensteinius
616 1160 743 1238 benigne
774 1179 887 1219 mecum
921 1163 1154 1244 communicavit,
1186 1162 1284 1239 colligi

135 1276 251 1348 potest:
273 1267 410 1327 Eustath.
434 1269 512 1327 enim
532 1289 560 1346 p.
587 1270 657 1342 711,
670 1269 709 1326 20
723 1287 759 1326 ss.
782 1265 854 1325 haec
877 1264 950 1324 dicit
972 1266 1014 1344 (in
1035 1287 1063 1326 ν.
1089 1263 1219 1345 Θβ48);
1244 1265 1284 1336 είς

136 1367 170 1432 δὲ
193 1367 261 1442 τοὺς
296 1369 441 1459 ῥηθέντας
471 1369 610 1456 άχαιίνας
640 1368 861 1454 ἐνθορητητὲον
885 1367 938 1453 τήν
961 1373 1030 1454 παρ’
1054 1367 1146 1454 ἑτέρῳ
1174 1372 1285 1456 ποιητή

137 1473 293 1561 ἀχαιῖνέην
317 1473 447 1560 ἔλαφον,
473 1473 539 1560 περί
563 1476 599 1559 ήν
623 1471 719 1539 πολλά
741 1477 892 1539 ποιοῦνται
916 1475 943 1538 οἱ
967 1473 1129 1559 ἐξηγηταί,
1161 1499 1283 1558 quocum

136 1585 268 1644 conferas
290 1584 381 1644 schol.
405 1586 437 1642 in
459 1607 488 1643 ν.
512 1585 557 1644 IV
572 1585 632 1643 175
657 1584 727 1642 olim
749 1584 872 1642 fortasse
894 1583 1017 1661 plenius.

221 1691 378 1750 Praeterea
400 1697 502 1748 auctor
524 1689 622 1762 lcxioi,
645 1687 724 1768 quod
745 1687 848 1746 dicunt
870 1683 1055 1769 Σοναχωγήν
1076 1685 1185 1755 λέξεων
1204 1709 1283 1772 χρη-

135 1793 231 1878 σίμων
255 1797 305 1856 vcl
326 1794 598 1854 Bachmannianum
620 1801 737 1874 praeter
759 1801 862 1870 cetera,
885 1793 991 1873 quibus
1011 1792 1190 1872 glossarium
1209 1795 1284 1861 illud

133 1905 166 1960 in
189 1899 296 1981 Cyrilli
318 1900 407 1960 libros
430 1903 514 1960 auxit
524 1895 556 1977 l),
588 1882 739 1958 nonnulla'
761 1901 848 1958 ctiam
877 1919 914 1958 cx
936 1899 1053 1960 scholiis
1075 1899 1283 1980 Apollonianis

133 2009 308 2086 assumpsit:
339 2028 367 2086 p.
394 2008 442 2080 16,
452 2008 492 2065 20
521 2004 577 2084 (ed.
607 2004 739 2085 Bachm.)
769 1997 948 2085 Ἀχρῶσταιι
978 2003 1006 2065 ol
1035 2003 1193 2088 κυνηγέται
1224 2003 1283 2068 άπὸ

133 2113 186 2173 τοῦ
213 2111 363 2196 ἀχρώσσω
395 2109 535 2193 βήματος.
571 2097 711 2191 Ὅμηρος
746 2105 884 2191 ,ἰχθύσιν
917 2108 1104 2191 άχριίνσσων“
1130 2139 1170 2164 =
1194 2112 1282 2172 schol.

131 2215 233 2296 Apoll.
259 2217 394 2290 lV1753
417 2213 496 2296 apud
519 2213 663 2294 Gyrillum
687 2213 739 2293 (K)
762 2215 900 2272 omissum
923 2210 1009 2292 est2).
1036 2215 1070 2274 P.
1097 2217 1216 2289 nsaw
1242 2245 1282 2270 =

133 2323 221 2382 Phot.
245 2320 429 2404 λωφήσομεν
453 2314 516 2382 ἀντί
539 2321 591 2380 τοῦ
614 2316 775 2402 παιίσορεν.
818 2315 927 2401 κυρίως
951 2313 984 2378 δὲ
1006 2300 1121 2402 εἴρηται
1143 2320 1286 2404 λωφῆσαι

134 2423 168 2488 τὸ
194 2423 283 2510 βάρος
307 2421 365 2488 ἀπὸ
389 2426 440 2487 τοῦ
463 2424 615 2509 τραχήλου
646 2421 826 2486 ἀποθέσθαι.
859 2420 967 2506 (λόφος
1000 2417 1057 2506 γάρ
1089 2423 1104 2484 ὁ
1133 2419 1282 2509 τράχηλος

132 2531 199 2594 add.
222 2529 327 2613 Phct.)
351 2559 391 2585 =
415 2531 505 2594 schol.
529 2530 575 2590 IV
588 2534 679 2590 1418.
724 2529 825 2588 Etiam
853 2529 926 2588 haec
955 2529 1055 2606 glossa
1083 2532 1115 2588 in
1136 2531 1168 2590 K
1190 2529 1281 2614 deest,

133 2637 185 2698 nbi
215 2638 368 2716 leguntur:
403 2635 617 2719 λωφήσαντος·
650 2631 852 2716 παυσαμένου,
884 2630 1110 2717 ήοοχάοαντος;
1143 2635 1281 2717 λωφῶσι·

132 2739 279 2818 παύουσι;
298 2741 453 2825 λωφήσει·
470 2738 633 2814 παάσεται;
650 2739 801 2824 λιάφησις·
819 2734 994 2808 ἀνάπαυσις.
1020 2739 1169 2800 Scholium
1184 2750 1282 2806 autem

132 2847 359 2928 Apollonianuin
380 2867 396 2908 c
418 2847 537 2908 scholiis
557 2847 723 2908 Homericis
745 2846 882 2905 haustum
904 2852 965 2904 est:
996 2844 1031 2903 cf.
1055 2844 1144 2905 schol.
1167 2846 1280 2906 Townl.

112 2959 164 3014 .in
194 2951 321 3031 Φ292;
354 2953 445 3034 Oxyr.
478 2953 552 3033 Pap.
577 2953 609 3012 lI
639 2973 667 3032 p.
692 2955 749 3028 713
780 2949 880 3031 Apoll.
912 2949 1002 3030 Soph.
1029 2953 1155 3025 109,24.
1209 2953 1279 3013 Lex.

131 3058 251 3120 Bachm.
276 3079 304 3138 p.
332 3061 432 3134 335st
456 3085 496 3110 =
519 3058 612 3116 Phot:
643 3053 737 3125 πέζας
767 3050 801 3116 τὸ
833 3049 921 3137 άιιρον
950 3047 1030 3136 ήλτὸ
1055 3053 1207 3137 ἀπολῆγον
1230 3059 1281 3118 τοῦ

131 3167 269 3248 χιτῶνος,
293 3161 309 3224 ὃ
332 3162 418 3245 ήρεῖς
448 3150 511 3247 ιβαν
541 3159 684 3245 λέγομεν·
717 3159 858 3244 πρότερον
891 3153 948 3242 γάρ
981 3154 1036 3220 ὑπὸ
1069 3155 1156 3243 (ὑπὲρ
1178 3160 1280 3244 Phot.)

131 3269 184 3330 τοῦ
210 3265 250 3352 μή
275 3265 433 3353 τρίβεσθαι
456 3265 552 3352 δέρμα
578 3263 729 3351 προβάτοο
759 3261 980 3348 προσέββαπτον
1004 3291 1046 3317 =
1070 3265 1158 3324 schol.
1181 3265 1280 3346 Apoll.

133 3375 180 3434 IV
192 3377 250 3450 463
272 3377 303 3434 in
326 3373 358 3433 K
381 3371 469 3436 deest.
492 3373 564 3434 Lex.
587 3372 705 3432 Bachm.
729 3392 756 3450 p.
781 3372 880 3445 355,8
897 3396 938 3422 =
952 3368 1037 3429 Phot.
1055 3365 1161 3429 atila:
1184 3369 1281 3451 σήπω.

135 3473 185 3541 καὶ
208 3475 241 3540 τά
264 3477 432 3562 πυθόμενος
455 3474 534 3562 [ἀντὶ
561 3479 612 3540 τοῦ
644 3499 700 3538 om.
724 3476 825 3556 Phot]
859 3473 1035 3557 σηπόμενος.
1074 3469 1149 3536 ἔνθα
1180 3471 1280 3554 (ἔνθεν

131 3585 231 3666 Phot.)
254 3580 347 3667 καλή
373 3581 485 3661 Πολλία,
509 3579 558 3646 διά
581 3579 614 3646 τὸ
638 3581 670 3646 ἐν
692 3579 798 3666 ἐκείνῳ
820 3587 864 3664 τῷ
886 3577 969 3664 τόπῳ
992 3582 1123 3661 σαπήναι
1146 3575 1190 3659 (τὸ
1213 3580 1279 3640 add.

132 3691 232 3771 Phot.)
255 3692 306 3752 τοῦ
331 3686 489 3774 δράκοντος
513 3693 611 3774 σῶμα.
640 3687 737 3759 Λάιος
760 3683 895 3768 (Μύκλος
913 3694 1047 3766 corrupte
1068 3687 1100 3744 in
1121 3685 1224 3762 schol.)
1248 3681 1281 3746 δὲ

132 3796 149 3858 ὁ
183 3792 373 3879 Νεαπολίτης
404 3792 456 3859 καί
485 3792 532 3877 (τὸ
563 3795 633 3860 add.
665 3791 766 3878 Phot.)
798 3790 872 3854 πίνον
905 3789 1042 3853 ἐντεῦθεν
1074 3789 1282 3872 ὀνομασθῆναί

131 3923 231 3987 φησιν.
275 3897 337 3964 ἔστι
368 3897 424 3986 γάρ
458 3897 588 3986 σεοηπάς
621 3897 703 3985 αἷμα.
727 3927 768 3954 .-.-.
792 3898 1007 3959 schol.1207.
1058 3897 1130 3956 Lex.
1160 3897 1279 3958 Bachm.

130 4029 159 4089 p.
185 4009 310 4084 275,11
335 4005 445 4092 κεμάςε
479 4003 589 4090 ἔλαφος
622 4005 847 4090 ὁκοιμώρενος
873 4001 903 4065 ἐν
928 3997 1078 4087 σπηλαίῳ,
1109 3999 1216 4086 κοιμάς
1238 4025 1281 4074 τις

135 4112 178 4178 ὤν
199 4115 324 4176 fortasse
346 4133 384 4176 ex
405 4113 496 4176 schol.
519 4116 550 4176 in
572 4136 600 4176 v.
624 4113 670 4176 lV
683 4117 721 4175 12
743 4119 893 4195 sumptum
915 4117 967 4172 cst

124 4245 128 4253 .
205 4288 232 4354 l)
252 4285 292 4340 Gt.
305 4282 440 4354 Wontasl,
459 4285 545 4342 Boitr.
565 4299 614 4340 aur
626 4283 725 4342 Gasch.
744 4281 770 4340 (l.
789 4280 892 4354 griech.
906 4278 1055 4348 chikogr.
1084 4277 1145 4332 Ber.
1165 4274 1192 4330 d.
1205 4275 1279 4333 Barl.

134 4374 188 4431 sk.
210 4376 279 4432 1895
300 4369 391 4432 XXVI
409 4392 438 4446 p.
454 4379 516 4432 477.
718 4372 720 4376 ’

203 4466 233 4537 2)
253 4465 401 4524 Wsntzslii
419 4465 590 4523 liberalitate
610 4460 926 4538 apographuncodicis
945 4455 1119 4516 Valicelliani
1143 4455 1280 4526 inspicere

130 4555 219 4632 pout
