3194 5200
848 407 886 470 ὁί

295 577 435 665 τρίβεται,
455 579 637 666 τριψημερεῖ.
663 575 842 664 ατρεὸγο
856 598 942 662 μαι·
968 575 1123 663 διατρίβω,
1147 573 1197 665 ἀφ’
1220 577 1254 644 οὔ
1270 575 1319 646 καί
1337 577 1444 670 οτράγξ

296 688 315 771 η
340 683 416 770 μετὰ
441 683 537 771 βραχὺ
561 685 679 770 πρόεσις
692 685 723 768 ¹).
762 683 958 770 οτρεὸγει
981 684 1212 772 προοδιατρίβει.

383 795 478 854 Schol.
494 795 594 854 1972.
618 794 665 854 De
688 796 769 853 vocis
791 787 886 854 ἴουλοι
910 793 1191 870 significationibus;
1218 795 1252 854 ef.
1276 797 1335 857 sch.
1358 798 1445 858 1143

296 919 311 959 e
333 904 430 981 priore
451 900 515 959 loco
538 908 696 979 exerptum.
726 899 869 960 Videmus
892 899 940 958 lrie
964 898 1130 978 Didymnm
1153 905 1326 962 sententiam
1340 904 1446 964 Erato-

294 1006 406 1066 sthenis
429 1009 650 1086 impugnantem
673 1001 740 1082 (υύκ
762 1000 825 1065 ἔστι
847 1001 879 1066 δέ
904 1025 978 1086 φησι
995 1001 1134 1086 Δίδυμος,
1161 1001 1225 1066 ἀλλ’
1239 1050 1245 1064 .
1260 1053 1266 1066 .
1283 1007 1312 1086 .),
1335 1007 1448 1086 quade

296 1133 384 1170 causa
414 1114 521 1187 omnia,
553 1114 641 1170 etiam
663 1111 869 1170 Eratosthenis
899 1129 1010 1184 versus,
1043 1111 1080 1170 ab
1103 1114 1167 1189 ipso
1193 1110 1325 1192 Didymo
1353 1117 1448 1194 petita

295 1237 359 1278 essa
387 1217 559 1295 colligimus.
591 1217 745 1296 Sumptum
768 1225 865 1276 autem
888 1224 933 1276 est
946 1215 1002 1275 hoc
1017 1215 1161 1274 scholium
1178 1237 1216 1276 ex
1230 1217 1306 1278 libro
1322 1219 1446 1299 Didymi

295 1317 361 1404 περὶ
383 1324 515 1404 ποιητῶν
538 1321 665 1405 λυρικῶν
676 1318 710 1404 2),
743 1322 782 1381 ad
813 1341 899 1402 quem
930 1321 1036 1380 librum
1068 1324 1156 1380 etiam
1179 1323 1325 1402 Hesychii
1346 1325 1448 1403 glossa

296 1435 425 1508 spectat:
460 1416 555 1488 ἴουλοι
587 1427 618 1490 αἱ
650 1429 765 1510 πρῶται
798 1431 855 1489 τῶν
888 1430 998 1510 τριχῶν
1030 1425 1169 1509 ἐκφύσεις
1199 1425 1258 1490 ἀπὸ
1288 1431 1340 1490 τοῦ
1371 1427 1449 1492 ἰέναι

296 1529 387 1604 αὐτὰς
418 1530 517 1603 οὔλας.
548 1527 643 1596 ἴουλοι
675 1528 779 1594 δὲκαὶ
804 1529 889 1602 οὖλος
915 1531 945 1593 αἱ
971 1531 1005 1592 ἐκ
1028 1535 1087 1594 τῶν
1110 1530 1291 1616 δραγμάτων
1315 1533 1447 1616 συναγό-

297 1662 382 1721 μεναι
406 1637 521 1722 δέομαι,
544 1635 596 1701 καί
619 1641 696 1709 ζῶον
720 1636 880 1720 πολύπουν,
904 1637 975 1722 ὅπερ
998 1638 1086 1722 ἡμεῖς
1112 1637 1238 1722 λέγομεν
1262 1639 1339 1705 ὄνον.
1370 1638 1448 1712 τινὲς

296 1742 329 1807 δὲ
351 1741 400 1808 καὶ
424 1742 473 1808 ἐπὶ
495 1741 528 1806 τὸ
552 1741 600 1808 ἐπὶ
616 1745 679 1816 ταῖς
695 1743 810 1828 ὑδρίαις
827 1743 978 1827 γινόμενον
996 1741 1061 1806 ’όνον
1079 1741 1237 1808 πολύποδα
1253 1742 1302 1808 καί
1320 1770 1448 1831 συστρε-

297 1852 425 1937 φόμενον
448 1846 548 1916 ἴουλον
571 1852 722 1915 καλοῦσιν.
753 1852 844 1932 Apud
857 1852 995 1912 Photium
1013 1852 1049 1912 de
1071 1853 1128 1912 hac
1152 1874 1226 1913 voce
1248 1863 1306 1914 tres
1329 1855 1450 1934 glossae

294 1967 421 2032 exstant,
452 1979 575 2038 quarum
604 1961 699 2038 prima
726 1958 874 2037 alteraque
903 1979 968 2016 eum
991 1959 1144 2038 Hesychia
1168 1959 1257 2039 plane
1280 1963 1448 2034 eoricinunt,

297 2067 354 2123 nisi
380 2064 457 2144 quod
472 2065 596 2123 Plrotius
619 2065 704 2143 plura
725 2062 853 2144 praebet,
877 2065 963 2122 tertia
986 2083 1001 2122 e
1023 2063 1119 2123 lexico
1135 2065 1253 2124 Bachm.
1277 2069 1369 2145 petita
1391 2077 1447 2127 est.

295 2169 548 2246 Quemadmodum
572 2190 659 2251 saepe
681 2170 799 2248 glossae
820 2169 981 2228 lexieorum
1010 2168 1178 2229 decurtatae
1209 2173 1268 2230 siut
1298 2179 1328 2230 et
1356 2193 1449 2252 quam

293 2285 379 2356 veante
411 2279 452 2336 eis
485 2276 624 2336 utendum
656 2281 707 2349 sit,
741 2274 836 2334 denuo
870 2275 919 2333 lric
952 2273 1103 2334 videmus:
1137 2275 1216 2356 apud
1246 2277 1332 2336 Phot.
1367 2280 1449 2337 enim

294 2384 431 2461 leguntur
462 2377 513 2443 καί
543 2373 625 2465 ηἴδῆς
657 2403 683 2441 τι
712 2377 795 2461 γένος
824 2373 923 2448 ἴουλος
947 2375 997 2441 καί
1020 2379 1035 2439 ὁ
1058 2377 1207 2463 προφιλὴς
1230 2387 1267 2464 τῇ
1291 2378 1447 2465 Ἀρτέμιδι,

276 2509 371 2568 .quae
394 2487 548 2547 emendare
570 2487 693 2546 fortasse
714 2485 823 2544 frustra
846 2504 1024 2559 conaremur,
1047 2487 1104 2543 nisi
1129 2488 1159 2544 in
1184 2487 1304 2546 scholiis
1321 2487 1449 2568 Apollo·

294 2596 391 2653 uianis
413 2593 552 2653 traditum
575 2601 666 2652 esset:
694 2588 748 2651 οὐκ
771 2587 849 2652 ἔστιν
874 2587 906 2650 δέ
931 2612 1005 2673 φησι
1032 2587 1171 2673 Δίδυμος,
1198 2591 1264 2653 ἀλλ’
1289 2591 1378 2676 ὁμνος
1402 2593 1448 2664 είς

295 2698 449 2782 Δήμητρα,
474 2699 514 2768 ὁις
538 2697 553 2758 ὁ
579 2693 717 2778 οὔπιγγος
741 2691 822 2779 παρὰ
845 2691 1029 2778 Τροιζηνίοις
1053 2695 1094 2766 εἰς
1114 2691 1256 2780 Ἄρτεμιν.

380 2803 505 2884 Didymi
520 2799 639 2884 κωμικὴ
656 2799 731 2870 λέξις
746 2809 898 2881 praeterea
911 2811 1153 2862 commemoratur
1167 2807 1199 2862 in
1214 2805 1274 2864 sch.
1291 2805 1335 2864 IV
1351 2809 1447 2879 1614,

294 2910 346 2970 ubi
368 2930 415 2969 res
438 2919 483 2969 est
505 2909 542 2969 da
564 2931 592 2968 v.
617 2904 733 2988 ὁλκαίη,
766 2907 818 2966 sed
848 2927 908 2964 non
935 2915 1028 2966 totum
1052 2908 1196 2968 scholium
1220 2909 1258 2968 ad
1280 2909 1448 2989 Didymnm

295 3015 372 3074 redit
396 3023 430 3074 ut
451 3018 523 3094 ipsis
547 3015 644 3074 verbis
668 3013 771 3072 scholii
794 3020 922 3092 apparet.
957 3013 1161 3092 Imprudenter
1179 3023 1275 3074 autem
1292 3015 1340 3074 hic
1354 3019 1448 3075 inter-

294 3140 360 3198 pres
384 3129 529 3180 auctorem
553 3141 636 3180 suum
661 3127 777 3178 secutus
800 3125 852 3191 est,
873 3139 941 3176 narn
960 3139 1025 3176 cum
1048 3122 1079 3177 in
1103 3119 1200 3178 verbis
1215 3128 1319 3200 poetae
1334 3115 1446 3204 ὁλκαίη

295 3234 372 3284 recte
395 3225 533 3284 traditum
556 3229 603 3298 sit,
625 3227 656 3283 in
679 3224 790 3284 scholio
814 3219 924 3284 ἀλκαίοι
947 3224 1118 3303 explicatur.
1164 3224 1262 3284 Aliter
1285 3227 1361 3284 enim
1383 3248 1448 3286 vox

296 3327 401 3412 ὁλκαίη
434 3330 620 3410 explananda
651 3338 726 3404 erat,
759 3328 893 3388 similiter
923 3329 1047 3389 fortasse
1080 3339 1168 3410 atque
1199 3333 1231 3389 in
1263 3331 1372 3391 scholio
1405 3333 1448 3392 ad

295 3435 437 3495 Nicandri
460 3437 548 3495 Ther.
571 3459 598 3494 v.
625 3439 685 3495 123
710 3436 760 3494 fit:
793 3431 916 3516 ὁλκαίην
948 3429 981 3494 δὲ
1009 3431 1062 3516 τὴν
1089 3429 1179 3518 οὐρὰν
1202 3433 1282 3516 λέγει
1305 3431 1386 3519 παρὰ
1409 3433 1446 3497 τὸ

295 3541 436 3602 ἕλκεσθαι
459 3537 515 3603 ὁπὸ
542 3542 594 3602 τοῦ
624 3539 694 3601 ὁλου
725 3539 873 3622 σώματος.
920 3539 1035 3599 Similia
1065 3547 1152 3620 atque
1181 3543 1212 3598 in
1241 3541 1329 3600 schol.
1352 3540 1445 3620 Apln.

294 3649 430 3727 leguntur
452 3651 482 3706 in
504 3648 561 3707 lex.
582 3646 700 3706 Bachm.
720 3649 828 3721 76,19,
850 3639 1021 3705 breuissime
1044 3648 1133 3704 etiam
1156 3644 1235 3726 apud
1250 3647 1445 3726 Hesychium.

295 3752 501 3830 Quaerendum
530 3761 628 3812 autem
657 3761 709 3826 est,
738 3751 815 3812 unde
843 3752 917 3811 haee
944 3754 1042 3810 omnia
1064 3754 1097 3812 in
1120 3751 1232 3810 scholia
1254 3751 1443 3813 devenerint:

294 3869 390 3919 utrum
421 3863 517 3940 ipsum
548 3859 710 3938 Didymnm
741 3856 859 3932 adierit,
895 3860 945 3938 qui
977 3857 1096 3916 scholiis
1129 3857 1202 3916 haee
1232 3860 1368 3931 inseruit,
1402 3879 1445 3916 an

197 3971 199 3978 '
294 3967 384 4026 lexiei
416 3965 539 4024 alieuius
572 3967 672 4045 copias
705 3964 886 4044 expilaverit.
932 3963 996 4022 Iam
1028 3963 1139 4022 scholio
1170 3963 1257 4022 modo
1291 3965 1444 4044 proposito

295 4072 352 4152 (lV
371 4070 474 4150 1614),
497 4073 528 4129 in
552 4091 608 4152 quo
630 4069 755 4150 Didymi
778 4071 926 4155 sententia
945 4088 1005 4128 una
1029 4089 1095 4128 cum
1119 4069 1194 4144 aliis,
1221 4089 1295 4150 quae
1317 4067 1445 4148 Didymi

299 4231 506 4246 *uu-

371 4320 398 4390 1)
418 4319 521 4394 Πρόεσις
547 4336 598 4390 pro
624 4336 656 4375 eo
683 4319 754 4390 quod
779 4326 822 4374 est
847 4319 883 4391 inl
907 4317 1019 4374 scholiis
1045 4320 1169 4394 πρόθεσις,
1197 4321 1280 4377 etiam
1303 4322 1332 4376 in
1356 4320 1445 4380 schol.

295 4411 369 4466 Flor.
390 4419 490 4466 exstat.

369 4501 397 4571 2)
417 4500 457 4556 cf.
476 4500 584 4569 Kaibel
604 4499 712 4570 Prolag.
733 4500 789 4574 περί
807 4499 947 4572 κωμῳδίας
964 4515 991 4569 p.
1011 4502 1055 4556 89.
