3194 5200
868 370 909 438 8.

310 548 401 610 fuisse
422 547 589 630 Stephanus
611 547 683 630 Byz.
706 569 729 610 s.
752 570 779 610 v.
802 541 931 634 Ἀβαντίς
955 543 1053 610 docet:
1077 537 1222 633 Ἀβαντίςι
1245 545 1264 632 ἡ
1290 539 1456 635 Εόβοια...

310 649 563 740 Καλλίμαχοςδὲ
587 650 795 739 Ἀμαντίνην..
811 652 922 737 ,αὐτὴν
953 650 1054 738 ἔφη,
1056 649 1117 730 ,καί
1145 643 1372 739 Ἀμαντίνην”
1346 677 1457 740 ῳκισαν

311 756 346 820 Ὠ
348 758 472 844 ρικίην“.
516 761 566 821 Ab
589 761 699 838 eodem,
724 782 809 843 quem
832 761 999 843 Stephanus
1021 764 1159 842 sequitur,
1182 766 1351 838 auctore,i.
1374 782 1397 824 e.
1421 763 1458 824 ab

310 868 379 944 Oro,
400 872 493 949 petita
517 877 585 928 sunt
607 872 735 949 quaein
757 878 846 949 etym.
869 870 1039 948 genuinos.
1063 889 1091 928 v
1109 863 1252 950 Ἄραντες
1274 869 1457 948 leguntur¹):

314 973 342 1035 οἱ
364 970 430 1056 περὶ
450 969 646 1057 Ἐλεφήνορα
670 969 745 1057 μετόι
767 971 876 1058 Τροίας
900 973 1011 1036 ἅλωσιν
1029 969 1172 1057 διέβησαν
1188 971 1229 1043 είς
1245 969 1297 1055 τήν
1309 961 1456 1056 Ἤπειρον

310 1075 360 1140 καί
385 1073 508 1164 ᾤκησαν
532 1075 597 1163 περί
621 1074 658 1142 τὰ
673 1075 824 1163 Κεραύνια
840 1078 913 1163 όρη·
938 1075 1055 1141 ἔκτισαν
1073 1073 1168 1140 δὲκαὶ
1185 1073 1313 1162 Εὐβοίαν
1330 1074 1456 1163 (Ἄβαν-

310 1208 358 1256 τος
381 1183 566 1268 ἡγουμένου)
578 1169 610 1308 ²:,)
635 1185 688 1246 toa
675 1207 704 1246 ν
723 1181 873 1332 Ἄβαντες
885 1183 1069 1267 ἐκλήθησαν.
1116 1186 1207 1245 Recte
1178 1188 1319 1325 tigitur
1340 1186 1458 1246 Keilius

310 1399 515 1466 κατοικοῦντες
541 1392 615 1480 μετὰ
630 1394 716 1458 ίλίου
733 1396 845 1459 ἅλωσιν
861 1396 908 1468 toi
924 1393 975 1479 μέν
987 1391 1127 1480 Ἄβαντες
1143 1391 1311 1479 Ἀμαντίνην
1328 1386 1458 1481 ιγ’ίκισανί

314 1513 445 1564 extrema
468 1503 558 1563 verbe
579 1503 719 1563 mendosa
742 1523 804 1563 esse
827 1506 967 1580 cognovit
989 1511 1018 1562 et
1040 1502 1162 1562 lacunae
1178 1505 1293 1580 signum
1310 1507 1455 1584 apposuit.

311 1609 395 1684 Quae
417 1608 508 1668 verba
527 1612 557 1668 in
581 1609 670 1668 schol.
693 1610 738 1668 Fl.
764 1618 793 1669 et
814 1609 879 1668 Par.
903 1611 945 1667 ita
967 1617 1080 1668 mutata
1103 1616 1177 1682 sunt,
1207 1617 1240 1668 ut
1266 1612 1390 1688 primum
1413 1612 1456 1670 in-

311 1717 445 1794 spicienti
469 1735 540 1774 sana
570 1713 663 1774 videri
693 1717 822 1795 possint:
850 1709 960 1795 ταύτην
991 1709 1041 1776 οὖν
1075 1711 1103 1774 οἱ
1125 1713 1353 1795 κατοικήσαντες
1383 1713 1457 1796 μετὰ

312 1817 399 1880 Ἰλίου
424 1818 535 1881 ἅλωσιν
553 1814 694 1903 Ἄβαντες
720 1816 837 1902 Μάκριν
865 1817 1035 1901 ὠνόμασαν,
1068 1839 1144 1899 quae
1176 1840 1263 1899 quam
1293 1821 1368 1880 falsa
1399 1825 1457 1880 sint

314 1925 494 2004 Stephanum
517 1934 546 1985 et
570 1926 797 2005 etymologicum
828 1926 986 1985 conferenti
1018 1928 1116 1984 statim
1149 1927 1308 2005 apparebit.
1353 1928 1457 2007 Neque

311 2034 408 2090 minus
431 2030 570 2091 audacter
592 2031 681 2090 schol.
706 2031 741 2090 ad
766 2053 793 2090 v.
816 2033 923 2091 11653
954 2034 984 2090 in
1007 2031 1059 2090 FP
1089 2038 1231 2090 mutatum
1263 2041 1313 2092 est.
1358 2034 1456 2092 Etiam

313 2137 361 2196 hic
383 2138 474 2198 verba
496 2141 526 2196 in
542 2138 629 2197 Laur.
653 2138 762 2197 tradita
784 2141 890 2198 vitiosa
911 2145 990 2197 suut:
1012 2131 1086 2224 φασί
1103 2131 1136 2196 δὲ
1152 2135 1213 2198 ἐκεῖ
1230 2136 1457 2220 σφαγιασθήναι

262 2309 273 2319 Α
311 2246 354 2326 τῷ
376 2241 542 2326 Λαφυστίῳ
566 2239 614 2305 Διί
638 2240 687 2304 καί
712 2242 799 2326 μέχρι
826 2245 878 2304 τοῦ
908 2245 958 2304 νῦν
989 2241 1041 2304 ἕνα
1070 2246 1130 2303 τῶν
1161 2239 1271 2326 Φρίξου
1302 2242 1456 2326 ἀπογόνων

313 2345 434 2410 εἰσιέναι
458 2347 499 2418 εἰς
522 2343 555 2410 τὸ
578 2349 752 2432 πρυτανεῖον
775 2347 960 2420 ήέπελίλόντα
982 2342 1046 2410 τινὰ
1072 2345 1216 2418 ἑκουσίως
1245 2352 1287 2433 τῷ
1314 2371 1456 2433 προειρη-

315 2451 394 2536 μένῳ
417 2451 490 2527 Διίῒ.
536 2455 646 2514 Totum
674 2455 817 2514 scholium
841 2473 879 2514 ex
901 2453 1052 2514 Herodoto
1084 2457 1206 2534 petitum
1238 2475 1300 2516 esse
1331 2456 1455 2530 videtur,

312 2563 361 2641 qui
393 2569 494 2620 narrat
517 2561 589 2640 (VII
606 2562 678 2640 197)
702 2560 761 2635 Ali,
793 2564 824 2619 in
853 2559 960 2640 oppido
985 2559 1166 2635 Thessaliae,
1197 2561 1280 2620 Iovis
1300 2561 1456 2641 Laphystii

312 2667 451 2746 templum
474 2666 564 2725 fuisse
586 2665 685 2747 ibique
708 2666 851 2742 Achaeos,
874 2687 947 2741 cum,
970 2669 1020 2746 qui
1045 2686 1060 2725 e
1083 2674 1170 2743 gente
1186 2666 1290 2726 Phrixi
1312 2669 1455 2726 maximus

311 2781 387 2832 esset
409 2780 487 2844 natu,
510 2780 684 2851 prytaneum
706 2775 885 2845 intravisset,
909 2792 973 2832 eum
988 2772 1053 2830 Iovi
1070 2774 1250 2830 mactavisse.
1281 2771 1338 2832 Sed
1354 2772 1455 2832 videus

312 2897 425 2957 quaeso,
459 2896 533 2957 quae
565 2877 676 2936 scholia
707 2878 752 2936 Fl.
785 2886 815 2936 et
843 2877 910 2935 Par.
942 2877 990 2936 hic
1018 2875 1193 2955 praebeant:
1226 2872 1300 2958 φασί
1332 2872 1365 2936 δέ
1393 2875 1455 2938 ἐκεῖ

312 2981 540 3064 σφαγιασίλήναι
562 2977 611 3044 τόν
635 2978 714 3065 κριόν
738 2983 770 3062 (ί)
794 2982 836 3065 τῷ
851 2977 1016 3065 Λαφυστίῳ
1037 2977 1092 3042 Διί.
1117 2976 1165 3042 καί
1190 2979 1277 3065 μέχρι
1299 2988 1348 3044 νῦν
1366 2981 1454 3064 νόμος

311 3085 363 3148 ἕνα
385 3093 443 3156 τῶν
467 3085 576 3170 Φρίξου
601 3086 756 3168 ἀπογόνων
780 3084 894 3148 ἐπιέναι
916 3085 957 3158 είς
980 3081 1012 3147 τὸ
1036 3085 1207 3169 πρυτανεῖον
1231 3083 1281 3149 καί
1306 3083 1387 3150 ίίόειν
1415 3089 1456 3171 τῷ

311 3193 458 3277 εἰρημένῳ
482 3191 537 3257 Διί.
567 3194 679 3254 Similis
701 3195 823 3254 fortasse
846 3213 891 3252 res
914 3196 1011 3252 estin
1034 3192 1123 3252 schol.
1139 3193 1156 3251 I
1170 3196 1240 3270 172,
1262 3194 1313 3254 ubi
1335 3197 1368 3254 in
1390 3193 1452 3254 cod.

309 3302 397 3360 Laur.
430 3308 566 3380 corrupta
597 3301 669 3360 haec
700 3299 791 3360 verba
823 3307 955 3359 exstant:
989 3294 1073 3367 οὖτος
1107 3294 1160 3381 (sc.
1193 3293 1340 3383 Αὐγείης)
1372 3297 1453 3382 λόγῳ

310 3402 406 3489 (γόνῳ
430 3408 502 3465 coni.
519 3400 706 3488 Keilius>
676 3426 726 3486 μεν
751 3401 787 3486 ήν
800 3395 921 3478 Ηλίου,
945 3398 1097 3485 ἐπίκλησιν
1121 3399 1153 3464 δέ
1177 3402 1357 3488 Φόρβαντος,
1380 3424 1454 3485 quae

311 3515 343 3572 in
365 3512 423 3571 sch.
440 3512 485 3570 Fl.
510 3520 538 3571 et
526 3513 618 3570 t.'P
610 3533 640 3570 m
662 3513 738 3570 hunc
761 3510 879 3570 modum
901 3517 1012 3568 mutata
1035 3517 1119 3570 sunt:
1143 3505 1272 3641 οὖτοςλ
1291 3535 1319 3593 μ.
1337 3509 1372 3594 ήν
1386 3502 1451 3588 ‘H.,

310 3612 402 3699 τῇδὲ
425 3613 551 3700 ἀληίλε
527 3639 557 3678 ια
579 3613 629 3678 Φό
632 3616 764 3700 ρτςβανο.

397 3723 455 3783 Sed
477 3725 548 3782 satis
569 3722 615 3781 his
637 3722 708 3782 locis
732 3721 923 3782 demonstrari
946 3719 1062 3781 videtur
1089 3720 1201 3780 scholia
1221 3721 1301 3782 Flor.
1325 3731 1355 3782 et
1376 3723 1452 3796 Par,

310 3838 342 3888 ut
364 3850 441 3888 nunc
464 3808 580 3909 quidem
603 3827 683 3888 edita
705 3836 781 3903 sunt,
813 3849 831 3885 a
860 3829 1049 3906 grammatico
1080 3826 1178 3906 aliquo
1208 3826 1299 3887 medii
1330 3829 1453 3887 fortasse

309 3937 373 3994 aevi
397 3935 492 3994 denuo
514 3941 693 4014 pertractate
715 3933 793 3994 haud
816 3937 946 3994 iterare
968 3940 1081 3992 mutata
1103 3933 1150 3992 vei
1178 3933 1355 4013 interpolata
1382 3952 1450 3994 esse.

309 4041 401 4100 Plura
424 4041 526 4100 afferre
548 4040 596 4100 vel
619 4043 724 4102 certius
742 4038 854 4121 aliquid
869 4059 905 4100 ex
921 4039 967 4099 his
982 4039 1055 4100 locis
1076 4037 1255 4113 concludere,
1278 4041 1333 4098 nisi
1349 4039 1452 4098 horum

382 4309 409 4379 1)
429 4307 469 4362 Oi.
489 4307 688 4365 Reitzensteiui
713 4308 821 4377 librum,
850 4307 894 4362 cui
912 4306 995 4362 inser.
1015 4306 1113 4363 Gesch.
1133 4305 1182 4363 der
1201 4323 1240 4376 gr.
1263 4307 1452 4380 Etymologica

330 4404 398 4465 .1‚
435 4398 452 4451 1.
492 4401 517 4453 4.

308 4417 326 4470 p
374 4402 522 4558 72)gSup2pl.
541 4488 685 4546 Kaibelius
703 4489 765 4546 coll.
786 4488 879 4545 strab.
897 4505 924 4558 p.
944 4489 998 4544 445
1016 4495 1045 4545 et
1064 4487 1149 4546 schol.
1168 4489 1196 4544 in
1216 4490 1310 4545 3536.
