3194 5200
662 475 709 540 ‘25

115 645 246 740 <όιφρός>
267 643 344 718 sord
366 641 519 724 Ἀττικοὺς
545 648 587 722 ὡς
608 643 659 716 καλ
680 645 842 736 Εὐριπίδης
869 643 1032 735 ,στόματος
1056 645 1185 735 ἀφρώδη
1209 635 1265 712 πέ-

116 761 224 826 λανον“
251 759 315 845 (Or.
340 758 426 842 204).
476 760 597 820 Nullam
626 769 724 820 autem
756 758 943 819 offensionem
972 758 1113 819 scholium
1135 753 1265 840 praehet,

116 877 149 928 ut
172 872 203 930 in
225 877 310 948 etym.
334 887 401 946 gen.
424 867 473 946 (cf.
497 876 534 927 et.
557 889 593 926 m.
620 865 758 944 619,15)
781 873 926 925 servatum
956 863 1179 950 estsusluvdc·
1204 861 1264 926 οἷον

119 955 307 1056 ,πανδήμοιο
341 970 435 1055 μύλης
465 969 607 1042 πελανοός
631 967 896 1054 ἐπαλετρεύουσινιι
928 972 955 1048 (Ι
974 971 1070 1050 1077)
1102 966 1158 1032 εἰσὶ
1187 968 1266 1050 πέμ-

118 1077 198 1162 ματόι
221 1101 292 1141 ποια
303 1076 337 1162 1).
383 1073 519 1139 Ἀττικοὶ
551 1074 584 1138 δὲ
612 1073 738 1140 πελανόν
768 1074 888 1158 λέγουσι
919 1077 975 1138 πᾶν
1006 1072 1039 1136 τὸ
1069 1071 1202 1158 πεπηγός
1225 1077 1266 1146 ὡς

106 1181 281 1269 ,Εὐριπίδης
305 1179 444 1266 περὶτοῦ
468 1180 566 1266 ἀφροῦ
589 1185 640 1245 τοῦ
664 1181 831 1268 πεπηγότος
854 1177 921 1265 περὶ
943 1176 1010 1251 τοὺς
1034 1180 1155 1250 ὀδόντας
1172 1179 1266 1251 οὕτως

118 1287 213 1373 ἔθηκε
234 1287 286 1372 τὴν
313 1286 388 1358 λέξιν
421 1283 482 1350 οἷον
513 1287 661 1371 ,ἀφρώδη
685 1286 842 1351 πέλανον“.
885 1283 1101 1357 Ἀπολλώνιος.
1146 1289 1181 1348 Ιυ
1205 1297 1267 1367 ety-

117 1398 263 1475 mologico
286 1399 378 1473 igitur
400 1399 552 1476 antiquam
572 1395 694 1454 formam
710 1394 814 1454 scholii
830 1394 978 1470 hahemus,
1002 1390 1080 1476 quod
1103 1415 1121 1452 a
1144 1389 1268 1454 diversis

74 1547 75 1550 ι
119 1501 287 1563 hominibus
310 1502 356 1562 his
376 1509 546 1580 excerptum
568 1504 599 1560 in
621 1499 742 1561 scholiis
763 1521 840 1560 nunc
862 1508 967 1574 exstat,
991 1501 1028 1562 ab
1044 1500 1134 1558 altero
1151 1497 1268 1579 quidem

119 1608 293 1669 brevissime
316 1610 494 1690 exscriptum
516 1609 622 1666 omisso
644 1606 796 1686 Euripidis
819 1626 914 1681 versu,
938 1607 976 1666 ab
998 1606 1091 1664 altero
1113 1605 1269 1684 neglegen-
1316 1659 1319 1661 ,

117 1717 245 1787 tissime,
265 1716 319 1772 'ita
341 1721 389 1793 ut,
422 1733 487 1771 cum
516 1715 650 1792 primitus
681 1712 791 1772 dictum
819 1715 857 1770 sit
880 1711 926 1790 (cf.
950 1720 1038 1790 etym.
1061 1711 1120 1790 g.):
1155 1710 1268 1772 Atticos

119 1815 352 1877 omne-solidum
374 1812 500 1885 πέλανος
523 1817 642 1891 dixisse,
664 1825 697 1876 ut
719 1837 743 1876 e.
763 1838 792 1895 g.
817 1815 990 1896 Euripidem
1012 1815 1196 1894 spumam-in
1219 1835 1268 1874 ore

117 1926 185 2004 equi
209 1929 381 1997 concretam,
408 1925 507 2002 inepte
528 1921 579 1982 ille
601 1925 761 1982 orationem
783 1925 815 1981 in
836 1923 914 1982 hunc
935 1921 1053 1982 modum
1076 1923 1266 1982 contraxerit:

118 2029 244 2104 Atticos,
267 2037 301 2090 ut
322 2027 503 2108 Eruipidem‚
527 2035 691 2088 concretam
715 2049 847 2108 spumam
870 2025 995 2098 πέλανος
1018 2029 1136 2088 dixisse.

206 2135 244 2194 Iu
265 2135 353 2194 schol.
378 2136 514 2208 11089,
546 2133 597 2192 ubi
626 2153 672 2194 res
695 2142 740 2193 est
762 2133 799 2194 de
821 2155 927 2193 vocum
950 2131 1102 2216 ἄφλαστον
1125 2143 1155 2194 et
1177 2131 1269 2216 ἀκρο-

121 2237 238 2301 στόλιον
269 2240 451 2316 significatu‚
484 2241 610 2318 primum
637 2233 869 2318 Schwartziusl)
901 2245 980 2298 recte
1012 2233 1205 2308 Ἀπολλώνιος
1237 2242 1270 2296 in

118 2339 341 2427 Ἀπολλόδωρος
372 2331 498 2404 mutavit
528 2344 636 2403 collato
668 2344 723 2404 lex.
747 2344 865 2403 Bachm.
892 2347 962 2419 172,
978 2348 1033 2404 10:
1066 2339 1203 2430 ἄφλαστα
1232 2334 1269 2404 rol

118 2447 305 2531 ἀκροστόλια.
349 2445 579 2533 Ἀπολλόδωρος.
626 2445 756 2530 Δίδυμος
779 2444 811 2510 τό
835 2444 883 2511 ἐπὶ
907 2453 959 2532 τῆς
982 2445 1115 2532 πρόμνης
1136 2447 1177 2518 εἰς
1195 2447 1269 2533 ὕφος

117 2554 153 2616 ἐκ
186 2553 328 2618 κανονίιυν
363 2551 615 2636 ἐπικεκαμμένον,
651 2575 726 2635 quae
756 2555 904 2616 fluxerunt
932 2576 948 2616 e
977 2557 1073 2616 lexico
1102 2557 1269 2616 Pausaniae

117 2661 293 2736 Atticistae‚
327 2669 361 2720 ut
389 2681 442 2740 per
463 2661 653 2720 Eustethium
676 2661 717 2740 (p.
739 2664 830 2737 1039,
845 2662 898 2741 35)
929 2661 1084 2722 discimus:
1117 2657 1269 2744 ἄφλαστον

118 2763 153 2828 δέ
177 2787 267 2849 φασιν
292 2761 361 2849 οὐχὶ
383 2761 416 2829 τὸ
448 2763 657 2849 ἀκροστόλιον,
692 2763 871 2850 διαφέρουσι
901 2762 958 2850 γὰρ
991 2766 1022 2829 αἱ
1051 2764 1158 2848 λέξεις,
1192 2760 1270 2828 ἀλλὰ

118 2867 195 2932 κατὰ
218 2867 364 2954 Aidepsos,
399 2871 440 2942 ὥς
475 2893 565 2955 φησιν
591 2869 843 2942 Παυσανίας...
890 2873 1008 2932 Scholia
1030 2882 1127 2934 autem
1149 2873 1269 2954 Apolln.

118 2985 222 3037 auctor
243 2979 434 3058 etymologici
457 2999 477 3036 s.
501 2999 528 3037 v.
554 2976 744 3060 ἀκροστόλιον
767 2977 815 3057 (et.
832 3001 869 3038 m.
888 2980 937 3054 53,
952 2980 1004 3058 15)
1026 2999 1096 3039 usus
1119 2989 1170 3055 est,
1192 2979 1271 3040 unde

118 3091 199 3144 recte
220 3086 280 3142 iam
303 3083 420 3143 Keilius
442 3083 534 3143 verba
558 3081 611 3144 οόκ
633 3081 684 3162 εὖ,
719 3080 823 3166 ἐπειδὴ
856 3079 889 3144 τό
922 3082 1113 3166 ἀκροστόλιόν
1136 3083 1198 3146 ἐστι
1220 3081 1270 3168 <τό

119 3183 227 3272 ἄκρον>
250 3189 302 3250 τοῦ
327 3187 433 3249 στόλου
457 3210 483 3252 κ.
507 3210 531 3248 τ.
556 3188 580 3249 λ.
604 3190 769 3269 supplevit
806 3191 911 3270 Neque
940 3209 1009 3251 vero
1039 3190 1129 3250 verba
1151 3192 1270 3252 scholii:

121 3290 198 3356 ἔστιν
231 3292 281 3356 cdv
314 3292 506 3378 ἀκροστόλιον
538 3290 571 3355 τό
604 3291 756 3379 ἄφλαστον
786 3291 863 3358 κατὰ
893 3293 946 3378 τὴν
970 3295 1091 3380 πρώραν
1114 3318 1186 3356 sana
1207 3318 1271 3358 esse

117 3400 266 3462 videntur.
304 3401 383 3460 Nam
396 3409 553 3481 postquam
569 3399 758 3484 ἀκροστόλιον
781 3397 814 3461 τό
838 3397 928 3485 ἄκρον
951 3403 1004 3463 τοῦ
1028 3401 1143 3480 στόλου,
1168 3399 1270 3472 στόλος

121 3514 220 3566 autem
242 3505 355 3583 lignum
378 3505 417 3566 ad
438 3527 554 3586 proram
576 3505 699 3567 tendens
721 3506 832 3566 dictum
855 3517 915 3583 est,
946 3529 1023 3568 nunc
1053 3516 1270 3588 exspectamus:

118 3605 196 3672 ἔστιν
228 3607 277 3672 οόν
310 3605 461 3694 ἄφλαστον
494 3608 536 3671 od
565 3606 599 3671 τὸ
622 3609 813 3695 ἀκροστόλιον
837 3608 869 3673 τό
893 3614 961 3693 (hoc
983 3609 1016 3674 τό
1040 3613 1106 3673 add.
1128 3617 1160 3673 in
1182 3623 1268 3694 etym.

113 3717 196 3795 gan.)
218 3711 295 3777 κατὰ
317 3713 369 3797 τὴν
393 3714 534 3799 πρώραν,
560 3713 625 3778 ἀλλ’
650 3716 666 3778 ὁ
689 3714 815 3800 ποιητὴς
840 3714 912 3779 αότό
935 3716 1124 3801 παραδίδωσι
1147 3715 1195 3780 ἐπὶ
1218 3723 1270 3802 τῆς

117 3817 253 3906 πρόμνης
275 3841 301 3880 ιι.
325 3841 347 3880 τ.
370 3820 396 3880 λ.
441 3823 526 3883 Haec
557 3823 606 3883 vel
636 3824 745 3884 similia
776 3827 808 3884 in
839 3825 959 3884 scholiis
990 3825 1080 3884 luisse
1107 3825 1271 3884 confirmari

116 3927 192 3988 mihi
213 3924 332 3988 ridetur
353 3945 405 4002 eo,
438 3928 518 4008 quod
549 3933 649 3991 versui
677 3928 704 3992 Ο
729 3933 790 3989 717
814 3933 846 3989 in
869 3928 932 3989 cod.
956 3930 1030 3989 Ven.
1053 3929 1079 3987 B
1102 3931 1157 4009 (ε
1180 3929 1269 3992 schol

118 4033 246 4113 Townl.)
269 4035 430 4116 ascriptum
452 4041 511 4096 est:
537 4031 705 4118 ἄφλαστον]
729 4031 763 4097 οὐ
787 4030 820 4096 τό
844 4032 1045 4119 ἀκροστόλιον,
1069 4030 1146 4098 ἀλλὰ
1167 4031 1201 4097 τό
1223 4031 1272 4098 ἐπὶ

192 4297 220 4366 1)
238 4295 301 4350 Non
319 4303 363 4353 est
381 4299 462 4370 quod,
481 4307 512 4356 ut
525 4300 709 4357 schwartzius
728 4300 794 4357 fecit
812 4301 860 4371 (ad
878 4302 963 4358 schol.
977 4303 1043 4360 Eur.
1058 4305 1103 4359 Or.
1118 4307 1191 4375 220),
1210 4293 1270 4360 ποιοῖ

117 4384 148 4440 in
166 4385 246 4440 λιπτά
263 4391 393 4452 mutetur.

119 4562 138 4620 (1
189 4476 218 4546 2)
236 4475 431 4626 Egrplpsmta
450 4467 481 4534 in¹
497 4481 709 4553 encyclopaedia
728 4497 745 4537 a
764 4481 955 4556 Paully·Wiss.
975 4480 1050 4540 edita
1069 4499 1091 4540 s.
1110 4501 1134 4538 τ.
1153 4484 1269 4563 Apollo·-

139 4579 213 4636 υτον,
230 4581 259 4638 p.
311 4621 316 4634 ,
348 4605 358 4626 .
