3194 5200
889 427 927 486 16

334 602 410 664 Sane
438 601 656 664 concedendum
687 609 731 662 cst
764 598 859 684 με’νειν
890 601 1011 662 κοτίνοιο
1042 619 1095 682 pro
1125 597 1214 662 οἰκεῖν
1237 599 1417 678 adhibitum,
1449 608 1481 662 ut

334 710 489 769 Kaibelius
511 713 632 784 monuit,
654 711 803 768 novicium
827 726 899 768 csse.

420 816 468 875 Dc
490 817 550 876 sch.
573 816 697 876 1V984
721 814 856 873 Fitchius
878 832 939 873 rem
962 812 1094 873 confecit.

421 920 480 980 Sed
502 922 588 980 aliter
610 923 703 980 sentio
727 919 763 978 de
786 919 844 978 sch.
867 917 913 977 IV
931 920 1024 992 1216,
1045 917 1096 976 ubi
1119 915 1156 976 de
1175 917 1292 977 'limaci
1314 917 1412 978 verbis
1435 937 1481 979 res

334 1034 385 1085 est.
430 1027 467 1084 ln
489 1025 600 1086 scholio
624 1028 701 1086 enim
724 1025 811 1083 Leur.
834 1023 907 1082 hacc
937 1023 1089 1100 leguntur:
1120 1015 1243 1104 Τίμαιος
1267 1019 1300 1082 δέ
1324 1045 1481 1107 φησι

338 1125 529 1213 Χερσικράτη
554 1128 699 1210 ἀπόγονον
716 1125 900 1211 Βακχιαδῶν
916 1125 1122 1211 κατῳκηκέναι
1141 1123 1194 1210 τὴν
1216 1131 1316 1211 νῆσον,
1339 1132 1371 1188 in
1392 1130 1482 1195 schol,

338 1236 419 1298 Flor.
435 1244 464 1294 et
479 1236 546 1296 Pur.
571 1281 625 1294 ...
650 1230 745 1318 Χερσ.
769 1233 856 1315 ἀπόχ.
875 1229 973 1317 Βακχ.
998 1229 1057 1294 εἴτε
1079 1231 1242 1295 ἐκπεσόντα
1264 1229 1316 1316 τὴν
1333 1229 1483 1318 Κορίνθου
1510 1279 1513 1286 .

338 1332 396 1400 εἴτε
420 1335 469 1400 καί
493 1337 598 1400 ἑκόντα
622 1337 763 1400 ἀπελθεῖν
789 1333 838 1400 διά
861 1335 979 1420 ἀτιμίαν
1002 1333 1051 1398 καί
1074 1336 1282 1422 κατῳκηκέναι
1304 1343 1360 1422 τῆκ
1381 1343 1482 1422 νῆσον.

338 1445 425 1520 Quod
458 1446 689 1525 supplementum
719 1447 879 1522 genuinum
906 1464 965 1503 non
995 1453 1054 1519 cst,
1087 1443 1139 1504 sed
1170 1444 1209 1506 ab
1240 1445 1357 1505 homine
1385 1446 1482 1526 aliquo

335 1553 485 1625 insertum,
508 1555 560 1630 qui
576 1553 607 1608 in
623 1550 743 1609 scholiis
766 1548 965 1609 describendis
981 1548 1167 1608 intellexerat
1181 1548 1347 1630 discrepem
1362 1553 1439 1610 inter
1452 1571 1483 1609 se

336 1675 379 1729 eu,
402 1675 477 1734 quae
500 1655 555 1714 sub
577 1656 664 1715 finem
687 1655 791 1714 scholii
813 1653 859 1716 IV
877 1656 958 1714 1212
984 1651 1011 1715 οἱ
1035 1649 1068 1714 δὲ
1083 1647 1238 1736 Κορίνθιοι
1343 1651 1482 1740 ἐξέβαλον

336 1757 403 1830 τοὺς
427 1756 604 1846 Βακχιάδας
628 1771 657 1821 ct
680 1763 808 1841 quaein
830 1761 893 1819 solo
916 1758 978 1819 cod.
994 1759 1082 1819 Laur.
1105 1763 1137 1819 in
1160 1769 1289 1820 extremo
1312 1760 1422 1821 scholio
1445 1759 1483 1819 ad

337 1888 365 1926 v.
392 1870 472 1926 1216
498 1867 666 1926 traduntur:
701 1863 764 1928 ἔστι
794 1862 827 1926 δὲ
860 1866 875 1926 ό
905 1862 957 1948 τὴν
982 1863 1117 1928 ἀποικίαν
1142 1865 1345 1948 ἀγαγὼν...
1369 1863 1482 1951 Χερσι-

337 1969 448 2055 κράτης
477 1969 731 2056 ἀποστερούμενος
761 1975 820 2033 τῶν
849 1976 942 2054 τιμῶν
972 1967 1028 2032 ὑπὸ
1053 1967 1233 2054 Κορινθίων.
1278 1974 1382 2053 Neque
1405 1977 1482 2033 enim

337 2099 402 2137 raro
426 2079 468 2152 fit,
491 2088 532 2153 ut,
556 2078 690 2138 cumbis
713 2078 749 2137 de
772 2077 874 2138 eedem
896 2098 927 2137 re
954 2081 984 2136 in
1006 2078 1094 2138 schol.
1117 2078 1206 2138 Laur.
1228 2083 1334 2157 agitur,
1358 2079 1431 2140 haec
1453 2083 1483 2138 in

337 2185 396 2244 sch.
419 2185 463 2243 Pl.
485 2194 514 2244 ct
535 2186 568 2244 P.
591 2194 740 2244 contracta
762 2188 821 2244 sint
844 2185 889 2264 (cf.
906 2204 930 2244 e.
946 2205 975 2261 g.
1000 2185 1058 2244 sch.
1082 2186 1186 2260 1932,
1209 2185 1258 2244 III
1275 2188 1336 2243 200
1360 2185 1481 2262 etalio).

423 2290 471 2350 De
494 2291 605 2350 scholio
629 2291 673 2350 lv
692 2294 773 2350 1396
797 2294 856 2348 ium
871 2291 1116 2350 Wilamowitzius.
1135 2292 1264 2369 (Hcracl.
1290 2287 1341 2350 ²¹11
1362 2313 1390 2372 p.
1409 2291 1482 2368 132)

338 2399 452 2454 monuit
475 2397 565 2454 verbu
587 2393 701 2479 χαίρειν
725 2394 815 2456 εἰπὼν
838 2394 880 2478 τῷ
898 2390 1042 2472 Ἄτλαντι,
1070 2417 1143 2475 quae
1163 2405 1277 2456 tentum
1290 2399 1322 2456 in
1335 2397 1423 2470 schol.
1436 2396 1481 2456 Fl.

340 2511 370 2560 et
391 2503 425 2562 P.
449 2511 573 2576 exstant,
596 2505 669 2580 ipsa,
683 2502 773 2561 verba
794 2500 974 2580 Pherecydis
997 2521 1065 2560 esse.

425 2609 461 2666 In
489 2608 549 2667 sch.
572 2608 617 2668 IV
639 2611 719 2666 1515
751 2608 858 2667 collato
881 2607 1063 2688 Apollodoro
1088 2608 1131 2688 (II
1147 2610 1187 2667 34
1201 2607 1265 2689 su),
1296 2617 1328 2669 ut
1349 2608 1482 2668 Fitchius

338 2713 565 2789 demonstravit,
598 2715 746 2773 nonnullis
779 2714 852 2773 locis
884 2714 971 2774 fidem
1003 2713 1141 2773 editionis
1172 2709 1315 2794 principis
1341 2724 1371 2774 et
1392 2715 1483 2774 schol.

338 2820 406 2882 Par.
432 2827 517 2900 qua'm
541 2821 627 2879 Laur.
658 2821 808 2879 meliorem
839 2839 903 2878 esse
934 2819 1077 2879 videmus.
1131 2819 1214 2879 Addi
1245 2829 1367 2900 possunt
1395 2823 1482 2880 etiam

337 2926 427 2985 verba
449 2929 479 2984 in
497 2927 583 2986 [τουπ
605 2929 712 2985 omissa
736 2923 915 2987 δεικνύουσιν
940 2923 971 2987 ἐν
993 2928 1036 3009 τῷ
1060 2924 1217 3010 κατόπτρῳ
1240 2929 1292 3008 τῆν
1311 2922 1482 3003 Μέδουσαν,

339 3053 414 3112 quac
436 3033 570 3092 similiter
593 3033 672 3112 apud
694 3031 906 3111 Apollodorum
929 3039 1061 3090 exstent:
1092 3028 1141 3092 καί
1167 3029 1284 3116 βλέπων
1307 3031 1348 3101 εἰς
1371 3029 1482 3094 ἀσπίδα

337 3139 454 3220 χαλκῆν
479 3136 507 3197 δί
530 3136 565 3219 ἧς
589 3133 641 3220 τὴν
665 3136 764 3198 εἰκόνα
787 3141 839 3220 τῆς
863 3133 1011 3219 Γοργόνος
1031 3133 1163 3221 ἔβλεπεν.
1209 3138 1314 3217 Neque
1336 3115 1482 3217 postremo

337 3243 555 3323 interpolatoris
578 3263 640 3302 esse
662 3251 791 3323 possunt,
815 3262 890 3322 quae
906 3243 958 3300 FP
980 3245 1011 3300 in
1033 3243 1121 3301 schol.
1145 3242 1184 3301 ed
1205 3264 1232 3301 v.
1255 3243 1302 3302 lv
1319 3245 1401 3302 1780
1424 3251 1483 3316 tra·

340 3347 413 3406 dunt
435 3348 471 3407 de
494 3348 629 3429 Opunte:
652 3349 704 3408 τοῦ
721 3343 791 3418 Διὸς
815 3347 880 3408 υἱοῦ
902 3343 953 3408 καὶ
969 3343 1202 3432 Πρωτογενείας,
1226 3343 1334 3424 οὔκαὶ
1356 3347 1376 3429 ἡ
1400 3345 1483 3418 πόλις

339 3453 494 3536 ἐπώνυμος
517 3455 562 3534 (cf.
586 3455 674 3513 schol.
698 3457 729 3513 in
751 3454 837 3514 Pind.
861 3452 907 3514 Ol.
930 3455 975 3515 IV
992 3455 1052 3533 62),
1075 3455 1126 3514 ubi
1148 3458 1179 3512 in
1200 3455 1290 3516 Laur.
1312 3453 1387 3514 nihil
1408 3457 1482 3512 nisi:

338 3556 390 3630 τάς
414 3557 469 3622 ὑπὸ
493 3563 545 3621 τοῦ
567 3552 728 3630 Ὀποῦντός
751 3581 823 3621 ποτε
846 3557 1070 3643 περιεχομένας.

428 3666 538 3726 Omnes
560 3667 613 3726 hos
635 3667 715 3726 locos
737 3667 925 3745 perlustranti
956 3665 1077 3727 dubium
1099 3667 1228 3726 futurum
1249 3687 1309 3726 nou
1330 3685 1393 3726 csse
1415 3685 1483 3725 eon·

338 3772 412 3847 fido,
445 3775 514 3851 quin
542 3770 674 3846 Keilius,
707 3792 772 3831 cum
803 3774 913 3852 primus
944 3791 960 3831 e
990 3772 1089 3832 codice
1118 3773 1207 3837 Leur.
1235 3772 1346 3832 scholis
1377 3770 1483 3846 ederet,

338 3880 428 3936 nimio
451 3875 547 3936 studio
569 3877 648 3937 ultra
671 3898 756 3957 quam
781 3876 906 3938 debebat
927 3881 1100 3958 processerit
1119 3877 1199 3938 etde
1215 3877 1484 3938 auctoritatescho-

338 3983 444 4042 liorum
466 3984 543 4042 Plor.
567 3992 596 4043 et
618 3984 685 4044 Par.
709 3986 856 4044 erraverit.
913 3984 996 4060 Quae
1025 4005 1090 4044 cum
1113 3989 1156 4043 ita
1178 3987 1238 4042 sint
1259 3984 1384 4042 fortasse
1406 4002 1483 4042 nunc

339 4094 428 4150 etiam
451 4089 487 4150 de
510 4090 576 4148 eliis
601 4090 774 4170 quibusdam
796 4091 876 4166 locis,
898 4091 950 4151 ubi
973 4091 1085 4152 scholia
1100 4090 1179 4149 Flor.
1196 4097 1225 4148 et
1239 4089 1306 4148 Par.
1327 4097 1378 4148 aut
1399 4089 1483 4170 plura

340 4207 390 4257 out
404 4199 526 4258 meliora
547 4219 633 4278 quam
648 4199 735 4258 Laur.
751 4199 900 4278 praebent,
923 4197 1010 4276 paulo
1033 4199 1153 4284 aequius
1174 4195 1369 4258 iudicabimus
1390 4215 1484 4276 neque

338 4303 411 4363 haec
433 4306 529 4363 omnia
551 4303 726 4384 interpolata
756 4323 819 4363 esse
850 4302 1015 4377 credemus,
1049 4302 1129 4362 velut
1159 4305 1190 4360 in
1212 4302 1285 4362 sch.
1307 4302 1403 4376 174,
1433 4301 1484 4360 ubi

338 4409 458 4501 πρώτην
481 4409 551 4473 ναδν
574 4406 756 4492 γεγενῆσθαι
781 4405 895 4492 μακράν
916 4410 1023 4488 legitur
1043 4412 1075 4468 in
1089 4409 1141 4470 FP
1158 4412 1264 4470 omissa
1279 4428 1352 4470 voce
1369 4402 1484 4491 μακράν

339 4519 371 4578 in
392 4515 479 4578 Laur.
503 4518 641 4602 (itemque
662 4519 693 4576 in
715 4516 805 4577 simili
827 4516 915 4578 schol.
939 4518 971 4576 in
991 4516 1094 4598 Eurip.
1117 4515 1195 4578 Med.
1218 4538 1245 4578 r.
1272 4514 1308 4596 1).
