<?xml version="1.0" encoding="UTF-8"?>
<!DOCTYPE html PUBLIC "-//W3C//DTD XHTML 1.0 Transitional//EN"
    "http://www.w3.org/TR/xhtml1/DTD/xhtml1-transitional.dtd">
<html xmlns="http://www.w3.org/1999/xhtml" xml:lang="en" lang="en">
 <head>
  <title>
</title>
<meta http-equiv="Content-Type" content="text/html;charset=utf-8" />
  <meta name='ocr-system' content='tesseract 3.04.00' />
  <meta name='ocr-capabilities' content='ocr_page ocr_carea ocr_par ocr_line ocrx_word'/>
</head>
<body>
  <div class='ocr_page' id='page_1' title='image "./descholiisinapo00deicgoog_0017.png"; bbox 0 0 3194 5200; ppageno 0'>
   <div class='ocr_carea' id='block_1_1' title="bbox 892 405 932 468">
    <p class='ocr_par' dir='ltr' id='par_1_1' title="bbox 892 405 932 468">
     <span class='ocr_line' id='line_1_1' title="bbox 892 405 932 468; baseline -0.025 0"><span class='ocrx_word' id='word_1_1' title='bbox 892 405 932 468; x_wconf 77' lang='lat'><strong>14</strong></span> 
     </span>
    </p>
   </div>
   <div class='ocr_carea' id='block_1_2' title="bbox 333 575 1569 4264">
    <p class='ocr_par' dir='ltr' id='par_1_2' title="bbox 338 575 1485 1093">
     <span class='ocr_line' id='line_1_2' title="bbox 338 575 1483 669; baseline 0.004 -28"><span class='ocrx_word' id='word_1_2' title='bbox 338 575 387 644; x_wconf 82' lang='grc' dir='ltr'><strong>ἐπὶ</strong></span> <span class='ocrx_word' id='word_1_3' title='bbox 409 584 461 664; x_wconf 78' lang='grc' dir='ltr'>τῆς</span> <span class='ocrx_word' id='word_1_4' title='bbox 485 577 600 652; x_wconf 81' lang='grc' dir='ltr'>δύσεως</span> <span class='ocrx_word' id='word_1_5' title='bbox 622 577 673 642; x_wconf 91' lang='grc' dir='ltr'>καὶ</span> <span class='ocrx_word' id='word_1_6' title='bbox 695 580 740 644; x_wconf 84' lang='grc' dir='ltr'><strong>ἐπ’</strong></span> <span class='ocrx_word' id='word_1_7' title='bbox 764 577 873 666; x_wconf 81' lang='grc' dir='ltr'>ἄρκτου</span> <span class='ocrx_word' id='word_1_8' title='bbox 895 579 947 644; x_wconf 87' lang='grc' dir='ltr'>καί</span> <span class='ocrx_word' id='word_1_9' title='bbox 972 579 1157 669; x_wconf 75' lang='grc' dir='ltr'>μεσημβρίας</span> <span class='ocrx_word' id='word_1_10' title='bbox 1188 579 1301 669; x_wconf 85' lang='grc' dir='ltr'>περάτη</span> <span class='ocrx_word' id='word_1_11' title='bbox 1334 581 1483 666; x_wconf 76' lang='grc' dir='ltr'>λέγεσθαι.</span> 
     </span>
     <span class='ocr_line' id='line_1_3' title="bbox 339 683 1485 774; baseline 0.005 -28"><span class='ocrx_word' id='word_1_12' title='bbox 339 686 420 766; x_wconf 86' lang='lat' dir='ltr'><strong>[add.</strong></span> <span class='ocrx_word' id='word_1_13' title='bbox 443 687 491 746; x_wconf 91' lang='lat' dir='ltr'><strong>hic</strong></span> <span class='ocrx_word' id='word_1_14' title='bbox 514 687 576 747; x_wconf 90' lang='lat' dir='ltr'><strong>cod.</strong></span> <span class='ocrx_word' id='word_1_15' title='bbox 600 688 642 748; x_wconf 85' lang='lat' dir='ltr'><strong>B:</strong></span> <span class='ocrx_word' id='word_1_16' title='bbox 674 683 788 771; x_wconf 84' lang='grc' dir='ltr'>ἑκάστη</span> <span class='ocrx_word' id='word_1_17' title='bbox 812 683 869 772; x_wconf 79' lang='grc' dir='ltr'><strong>γάρ</strong></span> <span class='ocrx_word' id='word_1_18' title='bbox 898 685 1010 752; x_wconf 84' lang='grc' dir='ltr'>τούτων</span> <span class='ocrx_word' id='word_1_19' title='bbox 1040 686 1157 774; x_wconf 80' lang='grc' dir='ltr'>ἀντικρύ</span> <span class='ocrx_word' id='word_1_20' title='bbox 1187 687 1296 771; x_wconf 82' lang='grc' dir='ltr'>γωνίας</span> <span class='ocrx_word' id='word_1_21' title='bbox 1318 694 1372 774; x_wconf 81' lang='grc' dir='ltr'>τῆς</span> <span class='ocrx_word' id='word_1_22' title='bbox 1394 685 1485 774; x_wconf 81' lang='grc' dir='ltr'>σ’ίλλης</span> 
     </span>
     <span class='ocr_line' id='line_1_4' title="bbox 338 789 1485 877; baseline 0.003 -25"><span class='ocrx_word' id='word_1_23' title='bbox 338 794 390 852; x_wconf 79' lang='grc' dir='ltr'><strong>τοῦ</strong></span> <span class='ocrx_word' id='word_1_24' title='bbox 425 790 551 876; x_wconf 82' lang='grc' dir='ltr'>ούρανοῦ</span> <span class='ocrx_word' id='word_1_25' title='bbox 586 791 706 876; x_wconf 79' lang='grc' dir='ltr'>κειμένη</span> <span class='ocrx_word' id='word_1_26' title='bbox 743 789 874 877; x_wconf 84' lang='grc' dir='ltr'>περάτη]</span> <span class='ocrx_word' id='word_1_27' title='bbox 907 790 958 856; x_wconf 85' lang='grc' dir='ltr'>καί</span> <span class='ocrx_word' id='word_1_28' title='bbox 990 791 1083 866; x_wconf 83' lang='grc' dir='ltr'>τέλος.</span> <span class='ocrx_word' id='word_1_29' title='bbox 1142 795 1254 858; x_wconf 83' lang='lat' dir='ltr'><strong>Eadem</strong></span> <span class='ocrx_word' id='word_1_30' title='bbox 1287 796 1348 857; x_wconf 88' lang='lat' dir='ltr'><strong>fero</strong></span> <span class='ocrx_word' id='word_1_31' title='bbox 1381 799 1485 856; x_wconf 88' lang='lat' dir='ltr'><strong>omisso</strong></span> 
     </span>
     <span class='ocr_line' id='line_1_5' title="bbox 339 898 1485 984; baseline 0.006 -28"><span class='ocrx_word' id='word_1_32' title='bbox 339 898 449 957; x_wconf 89' lang='lat' dir='ltr'><strong>codicis</strong></span> <span class='ocrx_word' id='word_1_33' title='bbox 485 899 628 958; x_wconf 90' lang='lat' dir='ltr'><strong>Marciani</strong></span> <span class='ocrx_word' id='word_1_34' title='bbox 661 900 862 980; x_wconf 87' lang='lat' dir='ltr'><strong>supplemento</strong></span> <span class='ocrx_word' id='word_1_35' title='bbox 897 903 928 960; x_wconf 86' lang='lat' dir='ltr'><strong>in</strong></span> <span class='ocrx_word' id='word_1_36' title='bbox 966 909 1055 981; x_wconf 91' lang='lat' dir='ltr'><strong>etym.</strong></span> <span class='ocrx_word' id='word_1_37' title='bbox 1089 919 1154 979; x_wconf 83' lang='lat' dir='ltr'><strong>gen.</strong></span> <span class='ocrx_word' id='word_1_38' title='bbox 1188 923 1210 962; x_wconf 92' lang='lat' dir='ltr'><strong>s.</strong></span> <span class='ocrx_word' id='word_1_39' title='bbox 1245 924 1273 963; x_wconf 85' lang='lat' dir='ltr'><strong>v.</strong></span> <span class='ocrx_word' id='word_1_40' title='bbox 1309 898 1485 984; x_wconf 80' lang='grc' dir='ltr'>γλαύσουσιν</span> 
     </span>
     <span class='ocr_line' id='line_1_6' title="bbox 341 1005 1161 1093; baseline 0.006 -31"><span class='ocrx_word' id='word_1_41' title='bbox 341 1007 487 1084; x_wconf 85' lang='lat' dir='ltr'><strong>exscripta</strong></span> <span class='ocrx_word' id='word_1_42' title='bbox 510 1014 586 1064; x_wconf 91' lang='lat' dir='ltr'><strong>sunt.</strong></span> <span class='ocrx_word' id='word_1_43' title='bbox 625 1005 668 1065; x_wconf 79' lang='lat' dir='ltr'><strong>Of.</strong></span> <span class='ocrx_word' id='word_1_44' title='bbox 692 1014 840 1093; x_wconf 39' lang='lat' dir='ltr'><strong>etymrm.</strong></span> <span class='ocrx_word' id='word_1_45' title='bbox 865 1010 1003 1084; x_wconf 82' lang='lat'><strong>807,31;</strong></span> <span class='ocrx_word' id='word_1_46' title='bbox 1027 1009 1161 1082; x_wconf 77' lang='grc'><strong>233,19.</strong></span> 
     </span>
    </p>

    <p class='ocr_par' dir='ltr' id='par_1_3' title="bbox 336 1109 1485 1404">
     <span class='ocr_line' id='line_1_7' title="bbox 427 1109 1485 1184; baseline 0.008 -15"><span class='ocrx_word' id='word_1_47' title='bbox 427 1112 463 1169; x_wconf 90' lang='grc' dir='ltr'><strong>Ιιι</strong></span> <span class='ocrx_word' id='word_1_48' title='bbox 487 1111 546 1171; x_wconf 88' lang='lat' dir='ltr'><strong>sch.</strong></span> <span class='ocrx_word' id='word_1_49' title='bbox 562 1111 579 1169; x_wconf 89' lang='lat' dir='ltr'>I</span> <span class='ocrx_word' id='word_1_50' title='bbox 596 1113 657 1171; x_wconf 78' lang='lat'><strong>972</strong></span> <span class='ocrx_word' id='word_1_51' title='bbox 675 1111 712 1171; x_wconf 93' lang='lat' dir='ltr'><strong>de</strong></span> <span class='ocrx_word' id='word_1_52' title='bbox 734 1133 761 1172; x_wconf 87' lang='lat' dir='ltr'><strong>v.</strong></span> <span class='ocrx_word' id='word_1_53' title='bbox 785 1109 884 1182; x_wconf 81' lang='grc' dir='ltr'>ἴουλος</span> <span class='ocrx_word' id='word_1_54' title='bbox 907 1116 938 1172; x_wconf 92' lang='lat' dir='ltr'><strong>in</strong></span> <span class='ocrx_word' id='word_1_55' title='bbox 953 1113 1156 1174; x_wconf 79' lang='lat' dir='ltr'><strong>Eratosthenis</strong></span> <span class='ocrx_word' id='word_1_56' title='bbox 1179 1113 1313 1175; x_wconf 87' lang='lat' dir='ltr'><strong>versibus</strong></span> <span class='ocrx_word' id='word_1_57' title='bbox 1335 1113 1485 1184; x_wconf 86' lang='grc' dir='ltr'>πυλεῶνυς</span> 
     </span>
     <span class='ocr_line' id='line_1_8' title="bbox 336 1217 1485 1301; baseline 0.005 -26"><span class='ocrx_word' id='word_1_58' title='bbox 336 1217 447 1293; x_wconf 84' lang='lat' dir='ltr'><strong>legitur</strong></span> <span class='ocrx_word' id='word_1_59' title='bbox 468 1220 500 1275; x_wconf 92' lang='lat' dir='ltr'><strong>in</strong></span> <span class='ocrx_word' id='word_1_60' title='bbox 515 1219 550 1292; x_wconf 83' lang='lat' dir='ltr'><strong>F,</strong></span> <span class='ocrx_word' id='word_1_61' title='bbox 572 1226 659 1297; x_wconf 88' lang='lat' dir='ltr'><strong>etym.</strong></span> <span class='ocrx_word' id='word_1_62' title='bbox 683 1237 748 1295; x_wconf 85' lang='lat' dir='ltr'><strong>gen.</strong></span> <span class='ocrx_word' id='word_1_63' title='bbox 774 1227 803 1278; x_wconf 90' lang='lat' dir='ltr'><strong>et</strong></span> <span class='ocrx_word' id='word_1_64' title='bbox 826 1217 905 1299; x_wconf 91' lang='lat' dir='ltr'><strong>apud</strong></span> <span class='ocrx_word' id='word_1_65' title='bbox 921 1219 1060 1280; x_wconf 83' lang='lat' dir='ltr'><strong>Tzetzam</strong></span> <span class='ocrx_word' id='word_1_66' title='bbox 1082 1223 1114 1278; x_wconf 93' lang='lat' dir='ltr'><strong>in</strong></span> <span class='ocrx_word' id='word_1_67' title='bbox 1129 1219 1276 1301; x_wconf 89' lang='lat' dir='ltr'><strong>Lycophr.</strong></span> <span class='ocrx_word' id='word_1_68' title='bbox 1298 1223 1346 1299; x_wconf 80' lang='lat'><strong>23,</strong></span> <span class='ocrx_word' id='word_1_69' title='bbox 1369 1223 1485 1283; x_wconf 81' lang='grc' dir='ltr'>πετεῶ-</span> 
     </span>
     <span class='ocr_line' id='line_1_9' title="bbox 341 1320 1057 1404; baseline 0.006 -24"><span class='ocrx_word' id='word_1_70' title='bbox 341 1343 390 1391; x_wconf 92' lang='grc' dir='ltr'>νος</span> <span class='ocrx_word' id='word_1_71' title='bbox 413 1325 444 1380; x_wconf 93' lang='lat' dir='ltr'><strong>in</strong></span> <span class='ocrx_word' id='word_1_72' title='bbox 468 1321 528 1396; x_wconf 88' lang='lat' dir='ltr'><strong>LP,</strong></span> <span class='ocrx_word' id='word_1_73' title='bbox 551 1320 678 1392; x_wconf 83' lang='grc' dir='ltr'>ἐλεῶνος</span> <span class='ocrx_word' id='word_1_74' title='bbox 700 1327 732 1380; x_wconf 89' lang='lat' dir='ltr'><strong>in</strong></span> <span class='ocrx_word' id='word_1_75' title='bbox 755 1332 841 1404; x_wconf 84' lang='lat' dir='ltr'><strong>etym.</strong></span> <span class='ocrx_word' id='word_1_76' title='bbox 861 1345 898 1382; x_wconf 91' lang='lat' dir='ltr'><strong>m.</strong></span> <span class='ocrx_word' id='word_1_77' title='bbox 923 1327 962 1383; x_wconf 83' lang='lat'><strong>47</strong></span> <span class='ocrx_word' id='word_1_78' title='bbox 968 1328 995 1400; x_wconf 80' lang='lat'><strong>2,</strong></span> <span class='ocrx_word' id='word_1_79' title='bbox 1009 1327 1057 1384; x_wconf 83' lang='lat'><strong>21.</strong></span> 
     </span>
    </p>

    <p class='ocr_par' dir='ltr' id='par_1_4' title="bbox 339 1425 1488 2148">
     <span class='ocr_line' id='line_1_10' title="bbox 429 1425 1485 1514; baseline 0.007 -28"><span class='ocrx_word' id='word_1_80' title='bbox 429 1429 475 1486; x_wconf 92' lang='lat' dir='ltr'><strong>De</strong></span> <span class='ocrx_word' id='word_1_81' title='bbox 497 1427 556 1486; x_wconf 88' lang='lat' dir='ltr'><strong>sch.</strong></span> <span class='ocrx_word' id='word_1_82' title='bbox 581 1427 691 1487; x_wconf 78' lang='lat'>11516</span> <span class='ocrx_word' id='word_1_83' title='bbox 715 1427 766 1488; x_wconf 91' lang='lat' dir='ltr'><strong>ubi</strong></span> <span class='ocrx_word' id='word_1_84' title='bbox 796 1429 850 1489; x_wconf 90' lang='lat' dir='ltr'><strong>sub</strong></span> <span class='ocrx_word' id='word_1_85' title='bbox 879 1430 966 1490; x_wconf 89' lang='lat' dir='ltr'><strong>finem</strong></span> <span class='ocrx_word' id='word_1_86' title='bbox 989 1429 1094 1491; x_wconf 90' lang='lat' dir='ltr'><strong>verba:</strong></span> <span class='ocrx_word' id='word_1_87' title='bbox 1126 1425 1194 1500; x_wconf 84' lang='grc' dir='ltr'>τούς</span> <span class='ocrx_word' id='word_1_88' title='bbox 1217 1425 1322 1514; x_wconf 80' lang='grc' dir='ltr'>Κᾶρας</span> <span class='ocrx_word' id='word_1_89' title='bbox 1345 1427 1485 1502; x_wconf 78' lang='grc' dir='ltr'>ἐξελάσας</span> 
     </span>
     <span class='ocr_line' id='line_1_11' title="bbox 341 1533 1486 1619; baseline 0.006 -27"><span class='ocrx_word' id='word_1_90' title='bbox 341 1537 372 1592; x_wconf 93' lang='lat' dir='ltr'><strong>in</strong></span> <span class='ocrx_word' id='word_1_91' title='bbox 395 1535 447 1592; x_wconf 85' lang='lat' dir='ltr'><strong>FP</strong></span> <span class='ocrx_word' id='word_1_92' title='bbox 479 1533 708 1610; x_wconf 87' lang='lat' dir='ltr'><strong>subiunguntur,</strong></span> <span class='ocrx_word' id='word_1_93' title='bbox 742 1555 816 1615; x_wconf 87' lang='lat' dir='ltr'><strong>quae</strong></span> <span class='ocrx_word' id='word_1_94' title='bbox 844 1537 914 1594; x_wconf 91' lang='lat' dir='ltr'><strong>item</strong></span> <span class='ocrx_word' id='word_1_95' title='bbox 944 1535 1023 1616; x_wconf 89' lang='lat' dir='ltr'><strong>apud</strong></span> <span class='ocrx_word' id='word_1_96' title='bbox 1053 1535 1259 1616; x_wconf 78' lang='lat' dir='ltr'><strong>Thucydidem</strong></span> <span class='ocrx_word' id='word_1_97' title='bbox 1285 1537 1379 1619; x_wconf 84' lang='grc'>(14),</span> <span class='ocrx_word' id='word_1_98' title='bbox 1400 1539 1486 1600; x_wconf 50' lang='lat' dir='ltr'><strong>¹unde</strong></span> 
     </span>
     <span class='ocr_line' id='line_1_12' title="bbox 339 1639 1487 1722; baseline 0.005 -24"><span class='ocrx_word' id='word_1_99' title='bbox 339 1647 434 1699; x_wconf 85' lang='lat' dir='ltr'><strong>totum</strong></span> <span class='ocrx_word' id='word_1_100' title='bbox 456 1639 544 1698; x_wconf 86' lang='lat' dir='ltr'><strong>schol.</strong></span> <span class='ocrx_word' id='word_1_101' title='bbox 576 1643 701 1719; x_wconf 89' lang='lat' dir='ltr'><strong>petitum</strong></span> <span class='ocrx_word' id='word_1_102' title='bbox 723 1649 781 1716; x_wconf 90' lang='lat' dir='ltr'><strong>est,</strong></span> <span class='ocrx_word' id='word_1_103' title='bbox 814 1649 946 1716; x_wconf 85' lang='lat' dir='ltr'><strong>exstant,</strong></span> <span class='ocrx_word' id='word_1_104' title='bbox 977 1644 1105 1722; x_wconf 83' lang='lat' dir='ltr'>itemque</span> <span class='ocrx_word' id='word_1_105' title='bbox 1135 1641 1172 1702; x_wconf 91' lang='lat' dir='ltr'><strong>de</strong></span> <span class='ocrx_word' id='word_1_106' title='bbox 1195 1643 1314 1702; x_wconf 86' lang='lat' dir='ltr'><strong>¹scholio</strong></span> <span class='ocrx_word' id='word_1_107' title='bbox 1336 1647 1368 1703; x_wconf 89' lang='lat' dir='ltr'><strong>in</strong></span> <span class='ocrx_word' id='word_1_108' title='bbox 1390 1644 1487 1704; x_wconf 84' lang='lat' dir='ltr'><strong>subse-</strong></span> 
     </span>
     <span class='ocr_line' id='line_1_13' title="bbox 342 1745 1487 1830; baseline 0.003 -26"><span class='ocrx_word' id='word_1_109' title='bbox 342 1753 478 1828; x_wconf 89' lang='lat' dir='ltr'><strong>quentem</strong></span> <span class='ocrx_word' id='word_1_110' title='bbox 500 1747 769 1822; x_wconf 83' lang='lat' dir='ltr'><strong>versum11597,</strong></span> <span class='ocrx_word' id='word_1_111' title='bbox 800 1746 867 1822; x_wconf 91' lang='lat' dir='ltr'><strong>ubi,</strong></span> <span class='ocrx_word' id='word_1_112' title='bbox 900 1745 977 1826; x_wconf 90' lang='lat' dir='ltr'><strong>quod</strong></span> <span class='ocrx_word' id='word_1_113' title='bbox 998 1747 1052 1806; x_wconf 82' lang='lat' dir='ltr'><strong>FP</strong></span> <span class='ocrx_word' id='word_1_114' title='bbox 1074 1747 1144 1808; x_wconf 86' lang='lat' dir='ltr'><strong>Sirii</strong></span> <span class='ocrx_word' id='word_1_115' title='bbox 1175 1748 1370 1830; x_wconf 76' lang='lat' dir='ltr'><strong>veriloquium</strong></span> <span class='ocrx_word' id='word_1_116' title='bbox 1400 1753 1487 1810; x_wconf 90' lang='lat' dir='ltr'><strong>inter-</strong></span> 
     </span>
     <span class='ocr_line' id='line_1_14' title="bbox 341 1846 1488 1936; baseline 0.006 -27"><span class='ocrx_word' id='word_1_117' title='bbox 341 1859 517 1930; x_wconf 88' lang='lat' dir='ltr'><strong>posuerunt:</strong></span> <span class='ocrx_word' id='word_1_118' title='bbox 538 1852 558 1933; x_wconf 80' lang='grc' dir='ltr'>ἢ</span> <span class='ocrx_word' id='word_1_119' title='bbox 583 1846 633 1912; x_wconf 84' lang='grc' dir='ltr'>διά</span> <span class='ocrx_word' id='word_1_120' title='bbox 655 1847 688 1912; x_wconf 89' lang='grc' dir='ltr'><strong>τύ</strong></span> <span class='ocrx_word' id='word_1_121' title='bbox 711 1848 816 1936; x_wconf 77' lang='grc' dir='ltr'>κείρειν</span> <span class='ocrx_word' id='word_1_122' title='bbox 839 1847 872 1912; x_wconf 89' lang='grc' dir='ltr'><strong>τδ</strong></span> <span class='ocrx_word' id='word_1_123' title='bbox 897 1849 1058 1934; x_wconf 76' lang='grc' dir='ltr'>δαμάζειν,</span> <span class='ocrx_word' id='word_1_124' title='bbox 1090 1857 1122 1912; x_wconf 90' lang='lat' dir='ltr'><strong>in</strong></span> <span class='ocrx_word' id='word_1_125' title='bbox 1144 1854 1231 1914; x_wconf 87' lang='lat' dir='ltr'><strong>Laur.</strong></span> <span class='ocrx_word' id='word_1_126' title='bbox 1255 1854 1351 1932; x_wconf 81' lang='lat' dir='ltr'><strong>deest,</strong></span> <span class='ocrx_word' id='word_1_127' title='bbox 1381 1859 1488 1916; x_wconf 88' lang='lat' dir='ltr'><strong>certius</strong></span> 
     </span>
     <span class='ocr_line' id='line_1_15' title="bbox 340 1956 1486 2039; baseline 0.006 -24"><span class='ocrx_word' id='word_1_128' title='bbox 340 1957 470 2018; x_wconf 90' lang='lat' dir='ltr'><strong>indicare</strong></span> <span class='ocrx_word' id='word_1_129' title='bbox 500 1977 559 2016; x_wconf 90' lang='lat' dir='ltr'><strong>non</strong></span> <span class='ocrx_word' id='word_1_130' title='bbox 592 1956 731 2033; x_wconf 85' lang='lat' dir='ltr'><strong>audeam,</strong></span> <span class='ocrx_word' id='word_1_131' title='bbox 764 1961 934 2037; x_wconf 87' lang='lat' dir='ltr'><strong>praesertim</strong></span> <span class='ocrx_word' id='word_1_132' title='bbox 965 1979 1031 2018; x_wconf 91' lang='lat' dir='ltr'><strong>cum</strong></span> <span class='ocrx_word' id='word_1_133' title='bbox 1063 1967 1216 2039; x_wconf 89' lang='lat' dir='ltr'><strong>utrumqne</strong></span> <span class='ocrx_word' id='word_1_134' title='bbox 1241 1961 1417 2022; x_wconf 83' lang='lat' dir='ltr'><strong>scholiorum</strong></span> <span class='ocrx_word' id='word_1_135' title='bbox 1440 1962 1486 2023; x_wconf 84' lang='lat' dir='ltr'><strong>Fl.</strong></span> 
     </span>
     <span class='ocr_line' id='line_1_16' title="bbox 340 2062 1427 2148; baseline 0.005 -27"><span class='ocrx_word' id='word_1_136' title='bbox 340 2062 571 2142; x_wconf 87' lang='lat' dir='ltr'><strong>supplementum</strong></span> <span class='ocrx_word' id='word_1_137' title='bbox 594 2065 683 2122; x_wconf 90' lang='lat' dir='ltr'><strong>etiam</strong></span> <span class='ocrx_word' id='word_1_138' title='bbox 705 2067 737 2148; x_wconf 87' lang='lat' dir='ltr'><strong>in</strong></span> <span class='ocrx_word' id='word_1_139' title='bbox 759 2072 847 2144; x_wconf 90' lang='lat' dir='ltr'><strong>etym.</strong></span> <span class='ocrx_word' id='word_1_140' title='bbox 870 2084 935 2142; x_wconf 86' lang='lat' dir='ltr'><strong>gen.</strong></span> <span class='ocrx_word' id='word_1_141' title='bbox 960 2091 1001 2118; x_wconf 65' lang='grc' dir='ltr'><strong>π·-</strong></span> <span class='ocrx_word' id='word_1_142' title='bbox 1024 2073 1112 2144; x_wconf 88' lang='lat' dir='ltr'><strong>etym.</strong></span> <span class='ocrx_word' id='word_1_143' title='bbox 1135 2085 1174 2126; x_wconf 91' lang='grc' dir='ltr'>ιιι.</span> <span class='ocrx_word' id='word_1_144' title='bbox 1197 2067 1318 2141; x_wconf 56' lang='grc'><strong>71035</strong></span> <span class='ocrx_word' id='word_1_145' title='bbox 1343 2066 1427 2126; x_wconf 86' lang='lat' dir='ltr'><strong>desit.</strong></span> 
     </span>
    </p>

    <p class='ocr_par' dir='ltr' id='par_1_5' title="bbox 333 2152 1569 3624">
     <span class='ocr_line' id='line_1_17' title="bbox 426 2152 1517 2252; baseline 0.002 -24"><span class='ocrx_word' id='word_1_146' title='bbox 426 2167 493 2228; x_wconf 81' lang='lat' dir='ltr'><strong>Sch.</strong></span> <span class='ocrx_word' id='word_1_147' title='bbox 509 2169 641 2228; x_wconf 76' lang='lat'><strong>111532.</strong></span> <span class='ocrx_word' id='word_1_148' title='bbox 664 2169 700 2230; x_wconf 90' lang='lat' dir='ltr'><strong>In</strong></span> <span class='ocrx_word' id='word_1_149' title='bbox 712 2169 822 2230; x_wconf 86' lang='lat' dir='ltr'><strong>scholio</strong></span> <span class='ocrx_word' id='word_1_150' title='bbox 834 2170 921 2230; x_wconf 87' lang='lat' dir='ltr'><strong>Laur.</strong></span> <span class='ocrx_word' id='word_1_151' title='bbox 934 2169 1095 2246; x_wconf 82' lang='lat' dir='ltr'><strong>duodecim,</strong></span> <span class='ocrx_word' id='word_1_152' title='bbox 1113 2191 1184 2251; x_wconf 86' lang='lat' dir='ltr'><strong>quos</strong></span> <span class='ocrx_word' id='word_1_153' title='bbox 1197 2169 1307 2248; x_wconf 89' lang='lat' dir='ltr'><strong>dicunt,</strong></span> <span class='ocrx_word' id='word_1_154' title='bbox 1323 2171 1369 2232; x_wconf 90' lang='lat' dir='ltr'><strong>dei</strong></span> <span class='ocrx_word' id='word_1_155' title='bbox 1382 2171 1487 2252; x_wconf 90' lang='lat' dir='ltr'><strong>quibus</strong></span> <span class='ocrx_word' id='word_1_156' title='bbox 1515 2152 1517 2156; x_wconf 23' lang='grc' dir='ltr'>Ι</span> 
     </span>
     <span class='ocr_line' id='line_1_18' title="bbox 340 2270 1487 2353; baseline 0.005 -23"><span class='ocrx_word' id='word_1_157' title='bbox 340 2270 530 2350; x_wconf 73' lang='lat' dir='ltr'><strong>Argonautae</strong></span> <span class='ocrx_word' id='word_1_158' title='bbox 553 2273 632 2353; x_wconf 90' lang='lat' dir='ltr'><strong>apud</strong></span> <span class='ocrx_word' id='word_1_159' title='bbox 655 2275 799 2334; x_wconf 91' lang='lat' dir='ltr'><strong>Phineum</strong></span> <span class='ocrx_word' id='word_1_160' title='bbox 826 2273 1012 2336; x_wconf 86' lang='lat' dir='ltr'><strong>deversantee</strong></span> <span class='ocrx_word' id='word_1_161' title='bbox 1034 2297 1114 2334; x_wconf 90' lang='lat' dir='ltr'><strong>aram</strong></span> <span class='ocrx_word' id='word_1_162' title='bbox 1137 2275 1274 2352; x_wconf 86' lang='lat' dir='ltr'><strong>fecemnt,</strong></span> <span class='ocrx_word' id='word_1_163' title='bbox 1302 2279 1345 2336; x_wconf 92' lang='lat' dir='ltr'><strong>sic</strong></span> <span class='ocrx_word' id='word_1_164' title='bbox 1371 2295 1487 2338; x_wconf 90' lang='lat' dir='ltr'><strong>enume-</strong></span> 
     </span>
     <span class='ocr_line' id='line_1_19' title="bbox 338 2366 1487 2464; baseline 0.007 -29"><span class='ocrx_word' id='word_1_165' title='bbox 338 2387 452 2436; x_wconf 90' lang='lat' dir='ltr'><strong>rantur:</strong></span> <span class='ocrx_word' id='word_1_166' title='bbox 486 2373 578 2456; x_wconf 82' lang='grc' dir='ltr'>Ζεύς,</span> <span class='ocrx_word' id='word_1_167' title='bbox 613 2375 785 2454; x_wconf 79' lang='grc' dir='ltr'>Ποσειδῶν,</span> <span class='ocrx_word' id='word_1_168' title='bbox 810 2366 940 2462; x_wconf 72' lang='grc' dir='ltr'>Ἅιδης,</span> <span class='ocrx_word' id='word_1_169' title='bbox 960 2371 1094 2463; x_wconf 79' lang='grc' dir='ltr'>Ἑρμῆς,</span> <span class='ocrx_word' id='word_1_170' title='bbox 1112 2367 1302 2464; x_wconf 80' lang='grc' dir='ltr'>Ἥφαιστος,</span> <span class='ocrx_word' id='word_1_171' title='bbox 1328 2375 1487 2460; x_wconf 83' lang='grc' dir='ltr'>Ἀπόλλων,</span> 
     </span>
     <span class='ocr_line' id='line_1_20' title="bbox 341 2477 1569 2569; baseline 0.004 -28"><span class='ocrx_word' id='word_1_172' title='bbox 341 2477 506 2564; x_wconf 77' lang='grc' dir='ltr'>Δημήτηρ,</span> <span class='ocrx_word' id='word_1_173' title='bbox 527 2477 653 2561; x_wconf 81' lang='grc' dir='ltr'>Ἑστία,</span> <span class='ocrx_word' id='word_1_174' title='bbox 671 2477 780 2566; x_wconf 88' lang='grc' dir='ltr'>Ἄρης,</span> <span class='ocrx_word' id='word_1_175' title='bbox 805 2477 963 2569; x_wconf 76' lang='grc' dir='ltr'>Ἀφροδίτη</span> <span class='ocrx_word' id='word_1_176' title='bbox 987 2479 1036 2546; x_wconf 83' lang='grc' dir='ltr'>καί</span> <span class='ocrx_word' id='word_1_177' title='bbox 1061 2478 1180 2566; x_wconf 71' lang='grc' dir='ltr'>Ἀθηνᾶ.</span> <span class='ocrx_word' id='word_1_178' title='bbox 1233 2485 1368 2565; x_wconf 85' lang='lat' dir='ltr'><strong>Apparet</strong></span> <span class='ocrx_word' id='word_1_179' title='bbox 1398 2488 1489 2565; x_wconf 84' lang='lat' dir='ltr'><strong>igitur</strong></span> <span class='ocrx_word' id='word_1_180' title='bbox 1568 2561 1569 2566; x_wconf 7' lang='grc' dir='ltr'>ἵ</span> 
     </span>
     <span class='ocr_line' id='line_1_21' title="bbox 339 2588 1488 2672; baseline 0.004 -24"><span class='ocrx_word' id='word_1_181' title='bbox 339 2609 427 2648; x_wconf 90' lang='lat' dir='ltr'><strong>unam</strong></span> <span class='ocrx_word' id='word_1_182' title='bbox 452 2588 545 2664; x_wconf 92' lang='lat' dir='ltr'><strong>deam,</strong></span> <span class='ocrx_word' id='word_1_183' title='bbox 569 2611 633 2650; x_wconf 90' lang='lat' dir='ltr'><strong>cum</strong></span> <span class='ocrx_word' id='word_1_184' title='bbox 656 2589 792 2651; x_wconf 80' lang='lat' dir='ltr'><strong>undecim</strong></span> <span class='ocrx_word' id='word_1_185' title='bbox 813 2599 928 2650; x_wconf 85' lang='lat' dir='ltr'><strong>tantum</strong></span> <span class='ocrx_word' id='word_1_186' title='bbox 950 2591 1141 2672; x_wconf 88' lang='lat' dir='ltr'><strong>appellentur,</strong></span> <span class='ocrx_word' id='word_1_187' title='bbox 1169 2595 1314 2666; x_wconf 88' lang='lat' dir='ltr'><strong>omissam,</strong></span> <span class='ocrx_word' id='word_1_188' title='bbox 1336 2601 1488 2672; x_wconf 87' lang='lat' dir='ltr'><strong>praeterea</strong></span> 
     </span>
     <span class='ocr_line' id='line_1_22' title="bbox 339 2693 1488 2778; baseline 0.005 -26"><span class='ocrx_word' id='word_1_189' title='bbox 339 2697 425 2753; x_wconf 89' lang='lat' dir='ltr'><strong>unius</strong></span> <span class='ocrx_word' id='word_1_190' title='bbox 458 2693 504 2754; x_wconf 92' lang='lat' dir='ltr'><strong>dei</strong></span> <span class='ocrx_word' id='word_1_191' title='bbox 535 2715 661 2772; x_wconf 87' lang='lat' dir='ltr'><strong>nomen,</strong></span> <span class='ocrx_word' id='word_1_192' title='bbox 693 2717 758 2756; x_wconf 91' lang='lat' dir='ltr'><strong>cum</strong></span> <span class='ocrx_word' id='word_1_193' title='bbox 790 2705 902 2777; x_wconf 85' lang='lat' dir='ltr'><strong>septem</strong></span> <span class='ocrx_word' id='word_1_194' title='bbox 935 2696 999 2772; x_wconf 92' lang='lat' dir='ltr'><strong>dei,</strong></span> <span class='ocrx_word' id='word_1_195' title='bbox 1033 2700 1160 2778; x_wconf 88' lang='lat' dir='ltr'><strong>quinque</strong></span> <span class='ocrx_word' id='word_1_196' title='bbox 1183 2695 1257 2758; x_wconf 89' lang='lat' dir='ltr'><strong>deae</strong></span> <span class='ocrx_word' id='word_1_197' title='bbox 1278 2706 1488 2774; x_wconf 86' lang='lat' dir='ltr'><strong>enumerentur,</strong></span> 
     </span>
     <span class='ocr_line' id='line_1_23' title="bbox 341 2800 1488 2880; baseline 0.004 -22"><span class='ocrx_word' id='word_1_198' title='bbox 341 2808 510 2880; x_wconf 89' lang='lat' dir='ltr'><strong>corruptum</strong></span> <span class='ocrx_word' id='word_1_199' title='bbox 533 2821 603 2860; x_wconf 85' lang='lat' dir='ltr'><strong>esse.</strong></span> <span class='ocrx_word' id='word_1_200' title='bbox 649 2801 793 2861; x_wconf 83' lang='lat' dir='ltr'><strong>Sanantur</strong></span> <span class='ocrx_word' id='word_1_201' title='bbox 814 2802 887 2862; x_wconf 88' lang='lat' dir='ltr'><strong>haec</strong></span> <span class='ocrx_word' id='word_1_202' title='bbox 908 2800 1014 2860; x_wconf 88' lang='lat' dir='ltr'><strong>menda</strong></span> <span class='ocrx_word' id='word_1_203' title='bbox 1036 2801 1151 2861; x_wconf 83' lang='lat' dir='ltr'><strong>collatis</strong></span> <span class='ocrx_word' id='word_1_204' title='bbox 1173 2801 1260 2862; x_wconf 88' lang='lat' dir='ltr'><strong>schol.</strong></span> <span class='ocrx_word' id='word_1_205' title='bbox 1275 2801 1354 2862; x_wconf 81' lang='lat' dir='ltr'><strong>Flor.</strong></span> <span class='ocrx_word' id='word_1_206' title='bbox 1369 2811 1399 2862; x_wconf 88' lang='lat' dir='ltr'><strong>et</strong></span> <span class='ocrx_word' id='word_1_207' title='bbox 1410 2803 1488 2879; x_wconf 80' lang='lat' dir='ltr'><strong>Par,</strong></span> 
     </span>
     <span class='ocr_line' id='line_1_24' title="bbox 341 2904 1490 2988; baseline 0.004 -25"><span class='ocrx_word' id='word_1_208' title='bbox 341 2904 392 2964; x_wconf 92' lang='lat' dir='ltr'><strong>ubi</strong></span> <span class='ocrx_word' id='word_1_209' title='bbox 407 2906 529 2964; x_wconf 88' lang='lat' dir='ltr'><strong>Iunonis</strong></span> <span class='ocrx_word' id='word_1_210' title='bbox 551 2925 657 2968; x_wconf 88' lang='lat' dir='ltr'><strong>nomen</strong></span> <span class='ocrx_word' id='word_1_211' title='bbox 680 2906 806 2983; x_wconf 86' lang='lat' dir='ltr'><strong>additur,</strong></span> <span class='ocrx_word' id='word_1_212' title='bbox 827 2928 881 2988; x_wconf 89' lang='lat' dir='ltr'><strong>pro</strong></span> <span class='ocrx_word' id='word_1_213' title='bbox 896 2907 1024 2968; x_wconf 87' lang='lat' dir='ltr'><strong>Plutone</strong></span> <span class='ocrx_word' id='word_1_214' title='bbox 1038 2907 1137 2967; x_wconf 83' lang='lat' dir='ltr'><strong>Diana</strong></span> <span class='ocrx_word' id='word_1_215' title='bbox 1153 2906 1267 2983; x_wconf 87' lang='lat' dir='ltr'><strong>dicitur,</strong></span> <span class='ocrx_word' id='word_1_216' title='bbox 1289 2907 1346 2968; x_wconf 91' lang='lat' dir='ltr'><strong>hoo</strong></span> <span class='ocrx_word' id='word_1_217' title='bbox 1370 2907 1490 2988; x_wconf 87' lang='lat' dir='ltr'><strong>quidem</strong></span> 
     </span>
     <span class='ocr_line' id='line_1_25' title="bbox 340 3000 1489 3098; baseline 0.004 -29"><span class='ocrx_word' id='word_1_218' title='bbox 340 3011 455 3072; x_wconf 85' lang='lat' dir='ltr'><strong>ordine:</strong></span> <span class='ocrx_word' id='word_1_219' title='bbox 479 3007 563 3090; x_wconf 80' lang='grc' dir='ltr'>Ζεύς,</span> <span class='ocrx_word' id='word_1_220' title='bbox 580 3000 677 3095; x_wconf 86' lang='grc' dir='ltr'>Ἥρα,</span> <span class='ocrx_word' id='word_1_221' title='bbox 697 3009 863 3092; x_wconf 83' lang='grc' dir='ltr'>Ποσειδῶν,</span> <span class='ocrx_word' id='word_1_222' title='bbox 880 3011 1034 3096; x_wconf 78' lang='grc' dir='ltr'><strong>Δημήτηρ,</strong></span> <span class='ocrx_word' id='word_1_223' title='bbox 1052 3008 1167 3096; x_wconf 80' lang='grc' dir='ltr'>Ἑρμῆς</span> <span class='ocrx_word' id='word_1_224' title='bbox 1183 3001 1366 3098; x_wconf 85' lang='grc' dir='ltr'>Ἥφαιστος,</span> <span class='ocrx_word' id='word_1_225' title='bbox 1382 3008 1489 3076; x_wconf 83' lang='grc' dir='ltr'>Ἀπόλ-</span> 
     </span>
     <span class='ocr_line' id='line_1_26' title="bbox 341 3111 1488 3203; baseline 0.001 -26"><span class='ocrx_word' id='word_1_226' title='bbox 341 3117 412 3194; x_wconf 86' lang='grc' dir='ltr'><strong>λων,</strong></span> <span class='ocrx_word' id='word_1_227' title='bbox 431 3111 575 3202; x_wconf 86' lang='grc' dir='ltr'>Ἄρτεμις,</span> <span class='ocrx_word' id='word_1_228' title='bbox 596 3113 714 3197; x_wconf 79' lang='grc' dir='ltr'>Ἑστία,</span> <span class='ocrx_word' id='word_1_229' title='bbox 733 3113 833 3202; x_wconf 91' lang='grc' dir='ltr'>Ἄρης,</span> <span class='ocrx_word' id='word_1_230' title='bbox 858 3113 1014 3203; x_wconf 82' lang='grc' dir='ltr'>Ἀφροδίτη</span> <span class='ocrx_word' id='word_1_231' title='bbox 1039 3114 1088 3182; x_wconf 87' lang='grc' dir='ltr'>καί</span> <span class='ocrx_word' id='word_1_232' title='bbox 1111 3111 1230 3202; x_wconf 80' lang='grc' dir='ltr'>Ἀθηνᾶ.</span> <span class='ocrx_word' id='word_1_233' title='bbox 1284 3121 1321 3181; x_wconf 88' lang='grc' dir='ltr'><strong>Ιιι</strong></span> <span class='ocrx_word' id='word_1_234' title='bbox 1352 3120 1488 3200; x_wconf 87' lang='lat' dir='ltr'><strong>exemplo</strong></span> 
     </span>
     <span class='ocr_line' id='line_1_27' title="bbox 340 3221 1489 3309; baseline 0.004 -28"><span class='ocrx_word' id='word_1_235' title='bbox 340 3224 430 3302; x_wconf 85' lang='lat' dir='ltr'><strong>igitur</strong></span> <span class='ocrx_word' id='word_1_236' title='bbox 452 3222 563 3282; x_wconf 87' lang='lat' dir='ltr'><strong>codicis</strong></span> <span class='ocrx_word' id='word_1_237' title='bbox 585 3225 689 3301; x_wconf 73' lang='lat' dir='ltr'><strong>Lanu,</strong></span> <span class='ocrx_word' id='word_1_238' title='bbox 723 3233 756 3284; x_wconf 90' lang='lat' dir='ltr'><strong>ut</strong></span> <span class='ocrx_word' id='word_1_239' title='bbox 777 3224 934 3286; x_wconf 86' lang='lat' dir='ltr'><strong>Kaibelius</strong></span> <span class='ocrx_word' id='word_1_240' title='bbox 960 3225 1033 3285; x_wconf 88' lang='lat' dir='ltr'><strong>mihi</strong></span> <span class='ocrx_word' id='word_1_241' title='bbox 1063 3224 1288 3301; x_wconf 85' lang='lat' dir='ltr'><strong>demonstravit,</strong></span> <span class='ocrx_word' id='word_1_242' title='bbox 1313 3221 1404 3309; x_wconf 82' lang='grc' dir='ltr'>Ἄρης</span> <span class='ocrx_word' id='word_1_243' title='bbox 1432 3247 1489 3306; x_wconf 90' lang='lat' dir='ltr'><strong>pro</strong></span> 
     </span>
     <span class='ocr_line' id='line_1_28' title="bbox 333 3316 1569 3415; baseline 0.003 -25"><span class='ocrx_word' id='word_1_244' title='bbox 333 3316 446 3412; x_wconf 75' lang='grc' dir='ltr'>Ἅιδης</span> <span class='ocrx_word' id='word_1_245' title='bbox 469 3337 499 3389; x_wconf 90' lang='lat' dir='ltr'><strong>et</strong></span> <span class='ocrx_word' id='word_1_246' title='bbox 516 3325 674 3412; x_wconf 85' lang='grc' dir='ltr'>Ἄρτ(εμις)</span> <span class='ocrx_word' id='word_1_247' title='bbox 696 3351 749 3411; x_wconf 92' lang='lat' dir='ltr'><strong>pro</strong></span> <span class='ocrx_word' id='word_1_248' title='bbox 766 3325 856 3415; x_wconf 89' lang='grc' dir='ltr'>Ἄρης</span> <span class='ocrx_word' id='word_1_249' title='bbox 879 3331 967 3392; x_wconf 81' lang='lat' dir='ltr'><strong>luisse</strong></span> <span class='ocrx_word' id='word_1_250' title='bbox 989 3331 1113 3408; x_wconf 84' lang='lat' dir='ltr'><strong>videtur,</strong></span> <span class='ocrx_word' id='word_1_251' title='bbox 1136 3352 1170 3392; x_wconf 92' lang='lat' dir='ltr'><strong>eo</strong></span> <span class='ocrx_word' id='word_1_252' title='bbox 1192 3332 1309 3412; x_wconf 90' lang='lat' dir='ltr'><strong>quidem</strong></span> <span class='ocrx_word' id='word_1_253' title='bbox 1324 3332 1433 3408; x_wconf 89' lang='lat' dir='ltr'><strong>ordine,</strong></span> <span class='ocrx_word' id='word_1_254' title='bbox 1455 3342 1490 3394; x_wconf 93' lang='lat' dir='ltr'><strong>ut</strong></span> <span class='ocrx_word' id='word_1_255' title='bbox 1568 3385 1569 3394; x_wconf 33' lang='grc' dir='ltr'>ι</span> 
     </span>
     <span class='ocr_line' id='line_1_29' title="bbox 341 3431 1569 3516; baseline 0.004 -22"><span class='ocrx_word' id='word_1_256' title='bbox 341 3439 466 3516; x_wconf 90' lang='lat' dir='ltr'><strong>primum</strong></span> <span class='ocrx_word' id='word_1_257' title='bbox 488 3455 582 3496; x_wconf 87' lang='lat' dir='ltr'><strong>mares</strong></span> <span class='ocrx_word' id='word_1_258' title='bbox 605 3435 712 3498; x_wconf 89' lang='lat' dir='ltr'><strong>deinde</strong></span> <span class='ocrx_word' id='word_1_259' title='bbox 733 3437 858 3498; x_wconf 89' lang='lat' dir='ltr'><strong>feminae</strong></span> <span class='ocrx_word' id='word_1_260' title='bbox 882 3446 1125 3513; x_wconf 87' lang='lat' dir='ltr'><strong>enumerarentur,</strong></span> <span class='ocrx_word' id='word_1_261' title='bbox 1148 3458 1213 3498; x_wconf 91' lang='lat' dir='ltr'><strong>cum</strong></span> <span class='ocrx_word' id='word_1_262' title='bbox 1236 3437 1411 3499; x_wconf 79' lang='lat' dir='ltr'><strong>scholiorum</strong></span> <span class='ocrx_word' id='word_1_263' title='bbox 1432 3439 1489 3498; x_wconf 84' lang='lat' dir='ltr'><strong>FP</strong></span> <span class='ocrx_word' id='word_1_264' title='bbox 1568 3431 1569 3452; x_wconf 60' lang='lat'>¹</span> 
     </span>
     <span class='ocr_line' id='line_1_30' title="bbox 340 3541 1442 3624; baseline 0.002 -24"><span class='ocrx_word' id='word_1_265' title='bbox 340 3549 442 3601; x_wconf 85' lang='lat' dir='ltr'><strong>auctor</strong></span> <span class='ocrx_word' id='word_1_266' title='bbox 462 3545 548 3622; x_wconf 89' lang='lat' dir='ltr'><strong>paria</strong></span> <span class='ocrx_word' id='word_1_267' title='bbox 570 3541 690 3602; x_wconf 91' lang='lat' dir='ltr'><strong>deorum</strong></span> <span class='ocrx_word' id='word_1_268' title='bbox 714 3541 891 3623; x_wconf 86' lang='lat' dir='ltr'><strong>deammque</strong></span> <span class='ocrx_word' id='word_1_269' title='bbox 913 3546 1090 3622; x_wconf 85' lang='lat' dir='ltr'><strong>coniungere</strong></span> <span class='ocrx_word' id='word_1_270' title='bbox 1112 3543 1240 3604; x_wconf 87' lang='lat' dir='ltr'><strong>voluisse</strong></span> <span class='ocrx_word' id='word_1_271' title='bbox 1264 3543 1400 3604; x_wconf 85' lang='lat' dir='ltr'><strong>videatur</strong></span> <span class='ocrx_word' id='word_1_272' title='bbox 1410 3541 1442 3624; x_wconf 91' lang='lat'><strong>¹).</strong></span> 
     </span>
    </p>

    <p class='ocr_par' dir='ltr' id='par_1_6' title="bbox 340 3647 1492 4264">
     <span class='ocr_line' id='line_1_31' title="bbox 427 3647 1489 3726; baseline 0 -18"><span class='ocrx_word' id='word_1_273' title='bbox 427 3647 534 3708; x_wconf 88' lang='lat' dir='ltr'><strong>Versui</strong></span> <span class='ocrx_word' id='word_1_274' title='bbox 565 3649 714 3708; x_wconf 79' lang='lat'>1111231</span> <span class='ocrx_word' id='word_1_275' title='bbox 748 3652 780 3708; x_wconf 93' lang='lat' dir='ltr'><strong>in</strong></span> <span class='ocrx_word' id='word_1_276' title='bbox 810 3650 863 3709; x_wconf 84' lang='lat' dir='ltr'><strong>FP</strong></span> <span class='ocrx_word' id='word_1_277' title='bbox 895 3647 951 3708; x_wconf 89' lang='lat' dir='ltr'><strong>hoc</strong></span> <span class='ocrx_word' id='word_1_278' title='bbox 982 3648 1125 3708; x_wconf 89' lang='lat' dir='ltr'><strong>scholium</strong></span> <span class='ocrx_word' id='word_1_279' title='bbox 1156 3650 1187 3707; x_wconf 90' lang='lat' dir='ltr'><strong>in</strong></span> <span class='ocrx_word' id='word_1_280' title='bbox 1218 3648 1305 3710; x_wconf 89' lang='lat' dir='ltr'><strong>Laur.</strong></span> <span class='ocrx_word' id='word_1_281' title='bbox 1338 3651 1489 3726; x_wconf 90' lang='lat' dir='ltr'><strong>omissum,</strong></span> 
     </span>
     <span class='ocr_line' id='line_1_32' title="bbox 340 3747 1491 3837; baseline 0.002 -25"><span class='ocrx_word' id='word_1_282' title='bbox 340 3754 497 3834; x_wconf 81' lang='lat' dir='ltr'><strong>ascriptum</strong></span> <span class='ocrx_word' id='word_1_283' title='bbox 529 3761 589 3813; x_wconf 86' lang='lat' dir='ltr'><strong>est:</strong></span> <span class='ocrx_word' id='word_1_284' title='bbox 621 3749 793 3836; x_wconf 83' lang='grc' dir='ltr'>πολύρρινον</span> <span class='ocrx_word' id='word_1_285' title='bbox 818 3749 907 3822; x_wconf 87' lang='grc' dir='ltr'>σάκος</span> <span class='ocrx_word' id='word_1_286' title='bbox 930 3747 963 3813; x_wconf 85' lang='grc' dir='ltr'><strong>τὸ</strong></span> <span class='ocrx_word' id='word_1_287' title='bbox 991 3748 1193 3837; x_wconf 85' lang='grc' dir='ltr'>πολύβυρσον,</span> <span class='ocrx_word' id='word_1_288' title='bbox 1226 3751 1304 3834; x_wconf 92' lang='lat' dir='ltr'><strong>quod</strong></span> <span class='ocrx_word' id='word_1_289' title='bbox 1334 3756 1491 3835; x_wconf 88' lang='lat' dir='ltr'><strong>antiquum</strong></span> 
     </span>
     <span class='ocr_line' id='line_1_33' title="bbox 340 3855 1491 3944; baseline 0 -24"><span class='ocrx_word' id='word_1_290' title='bbox 340 3861 484 3920; x_wconf 84' lang='lat' dir='ltr'><strong>acholium</strong></span> <span class='ocrx_word' id='word_1_291' title='bbox 515 3855 798 3942; x_wconf 79' lang='lat' dir='ltr'><strong>esse&#39;etymologico</strong></span> <span class='ocrx_word' id='word_1_292' title='bbox 820 3880 884 3939; x_wconf 87' lang='lat' dir='ltr'><strong>gen.</strong></span> <span class='ocrx_word' id='word_1_293' title='bbox 908 3859 1060 3936; x_wconf 89' lang='lat' dir='ltr'><strong>docemur,</strong></span> <span class='ocrx_word' id='word_1_294' title='bbox 1093 3859 1144 3920; x_wconf 91' lang='lat' dir='ltr'><strong>ubi</strong></span> <span class='ocrx_word' id='word_1_295' title='bbox 1166 3881 1189 3920; x_wconf 90' lang='lat' dir='ltr'><strong>s.</strong></span> <span class='ocrx_word' id='word_1_296' title='bbox 1212 3881 1239 3920; x_wconf 86' lang='lat' dir='ltr'><strong>v.</strong></span> <span class='ocrx_word' id='word_1_297' title='bbox 1263 3855 1403 3944; x_wconf 87' lang='grc' dir='ltr'>εύρρηνος</span> <span class='ocrx_word' id='word_1_298' title='bbox 1425 3861 1491 3920; x_wconf 87' lang='lat' dir='ltr'><strong>lau-</strong></span> 
     </span>
     <span class='ocr_line' id='line_1_34' title="bbox 341 3960 1492 4052; baseline 0.002 -26"><span class='ocrx_word' id='word_1_299' title='bbox 341 3965 410 4026; x_wconf 93' lang='lat' dir='ltr'><strong>dato</strong></span> <span class='ocrx_word' id='word_1_300' title='bbox 433 3967 584 4048; x_wconf 90' lang='lat' dir='ltr'><strong>Apollonii</strong></span> <span class='ocrx_word' id='word_1_301' title='bbox 606 3989 635 4028; x_wconf 90' lang='lat' dir='ltr'><strong>v.</strong></span> <span class='ocrx_word' id='word_1_302' title='bbox 658 3967 707 4028; x_wconf 92' lang='grc' dir='ltr'><strong>ΙΠ</strong></span> <span class='ocrx_word' id='word_1_303' title='bbox 727 3971 807 4028; x_wconf 89' lang='grc'>1086</span> <span class='ocrx_word' id='word_1_304' title='bbox 831 3967 904 4028; x_wconf 90' lang='lat' dir='ltr'><strong>haec</strong></span> <span class='ocrx_word' id='word_1_305' title='bbox 933 3975 1015 4026; x_wconf 81' lang='lat' dir='ltr'><strong>sunt:</strong></span> <span class='ocrx_word' id='word_1_306' title='bbox 1046 3962 1218 4050; x_wconf 87' lang='grc' dir='ltr'>πολύρρινος</span> <span class='ocrx_word' id='word_1_307' title='bbox 1242 3960 1275 4026; x_wconf 86' lang='grc' dir='ltr'><strong>δὲ</strong></span> <span class='ocrx_word' id='word_1_308' title='bbox 1299 3965 1315 4026; x_wconf 86' lang='grc' dir='ltr'>ὁ</span> <span class='ocrx_word' id='word_1_309' title='bbox 1338 3964 1492 4052; x_wconf 86' lang='grc' dir='ltr'>πολυδέρ-</span> 
     </span>
     <span class='ocr_line' id='line_1_35' title="bbox 341 4066 1491 4159; baseline 0.004 -25"><span class='ocrx_word' id='word_1_310' title='bbox 341 4094 441 4157; x_wconf 90' lang='grc' dir='ltr'>ματος,</span> <span class='ocrx_word' id='word_1_311' title='bbox 473 4069 506 4134; x_wconf 84' lang='grc' dir='ltr'><strong>τύ</strong></span> <span class='ocrx_word' id='word_1_312' title='bbox 530 4072 563 4134; x_wconf 78' lang='grc' dir='ltr'><strong>ἐκ</strong></span> <span class='ocrx_word' id='word_1_313' title='bbox 587 4073 706 4135; x_wconf 85' lang='grc' dir='ltr'>πολλῶν</span> <span class='ocrx_word' id='word_1_314' title='bbox 731 4073 847 4158; x_wconf 83' lang='grc' dir='ltr'>βυρσῶν</span> <span class='ocrx_word' id='word_1_315' title='bbox 869 4068 1153 4155; x_wconf 80' lang='grc' dir='ltr'>κατεσκευασμένον.</span> <span class='ocrx_word' id='word_1_316' title='bbox 1180 4068 1234 4146; x_wconf 81' lang='lat' dir='ltr'><strong>„du</strong></span> <span class='ocrx_word' id='word_1_317' title='bbox 1259 4066 1292 4132; x_wconf 83' lang='grc' dir='ltr'><strong>δὲ</strong></span> <span class='ocrx_word' id='word_1_318' title='bbox 1314 4070 1491 4159; x_wconf 79' lang='grc' dir='ltr'>πολύρρινον</span> 
     </span>
     <span class='ocr_line' id='line_1_36' title="bbox 342 4174 1074 4264; baseline -0.01 -21"><span class='ocrx_word' id='word_1_319' title='bbox 342 4179 429 4264; x_wconf 86' lang='grc' dir='ltr'>νώμα</span> <span class='ocrx_word' id='word_1_320' title='bbox 453 4175 551 4258; x_wconf 88' lang='grc' dir='ltr'>σάκος,</span> <span class='ocrx_word' id='word_1_321' title='bbox 577 4177 612 4243; x_wconf 79' lang='grc' dir='ltr'><strong>ἂν</strong></span> <span class='ocrx_word' id='word_1_322' title='bbox 636 4175 669 4241; x_wconf 83' lang='grc' dir='ltr'><strong>δὲ</strong></span> <span class='ocrx_word' id='word_1_323' title='bbox 692 4174 742 4241; x_wconf 89' lang='grc' dir='ltr'>καί</span> <span class='ocrx_word' id='word_1_324' title='bbox 764 4175 871 4262; x_wconf 84' lang='grc' dir='ltr'>ἔγχος“</span> <span class='ocrx_word' id='word_1_325' title='bbox 898 4177 1074 4258; x_wconf 74' lang='lat'>(1111231)</span> 
     </span>
    </p>
   </div>
   <div class='ocr_carea' id='block_1_3' title="bbox 294 4291 1491 4582">
    <p class='ocr_par' dir='ltr' id='par_1_7' title="bbox 294 4291 1491 4582">
     <span class='ocr_line' id='line_1_37' title="bbox 414 4291 1491 4398; baseline 0.005 -17"><span class='ocrx_word' id='word_1_326' title='bbox 414 4331 440 4398; x_wconf 88' lang='grc'><strong>1)</strong></span> <span class='ocrx_word' id='word_1_327' title='bbox 460 4326 569 4397; x_wconf 88' lang='lat' dir='ltr'><strong>Optime</strong></span> <span class='ocrx_word' id='word_1_328' title='bbox 588 4326 623 4382; x_wconf 86' lang='lat' dir='ltr'><strong>ad</strong></span> <span class='ocrx_word' id='word_1_329' title='bbox 642 4327 715 4382; x_wconf 89' lang='lat' dir='ltr'><strong>hunc</strong></span> <span class='ocrx_word' id='word_1_330' title='bbox 733 4325 849 4382; x_wconf 88' lang='lat' dir='ltr'><strong>indicem</strong></span> <span class='ocrx_word' id='word_1_331' title='bbox 868 4331 1042 4380; x_wconf 87' lang='lat' dir='ltr'><strong>monumenta</strong></span> <span class='ocrx_word' id='word_1_332' title='bbox 1068 4339 1186 4394; x_wconf 85' lang='lat' dir='ltr'><strong>araeque</strong></span> <span class='ocrx_word' id='word_1_333' title='bbox 1205 4325 1259 4380; x_wconf 84' lang='lat' dir='ltr'><strong>XII</strong></span> <span class='ocrx_word' id='word_1_334' title='bbox 1277 4291 1389 4382; x_wconf 88' lang='lat' dir='ltr'><strong>deorum</strong></span> <span class='ocrx_word' id='word_1_335' title='bbox 1407 4328 1491 4386; x_wconf 90' lang='lat' dir='ltr'><strong>nobis</strong></span> 
     </span>
     <span class='ocr_line' id='line_1_38' title="bbox 294 4413 1491 4492; baseline 0 -18"><span class='ocrx_word' id='word_1_336' title='bbox 294 4423 297 4430; x_wconf 83' lang='grc'>’</span> <span class='ocrx_word' id='word_1_337' title='bbox 340 4425 450 4474; x_wconf 80' lang='lat' dir='ltr'><strong>servata</strong></span> <span class='ocrx_word' id='word_1_338' title='bbox 477 4416 624 4488; x_wconf 79' lang='lat' dir='ltr'><strong>quadrant.</strong></span> <span class='ocrx_word' id='word_1_339' title='bbox 667 4417 707 4474; x_wconf 83' lang='lat' dir='ltr'><strong>cf.</strong></span> <span class='ocrx_word' id='word_1_340' title='bbox 728 4415 872 4486; x_wconf 84' lang='lat' dir='ltr'><strong>Weloker,</strong></span> <span class='ocrx_word' id='word_1_341' title='bbox 898 4413 1006 4474; x_wconf 71' lang='lat' dir='ltr'><strong>orroei.</strong></span> <span class='ocrx_word' id='word_1_342' title='bbox 1034 4414 1209 4486; x_wconf 76' lang='lat' dir='ltr'><strong>Gitterlehro</strong></span> <span class='ocrx_word' id='word_1_343' title='bbox 1234 4415 1346 4486; x_wconf 58' lang='lat' dir='ltr'><strong>ursa</strong></span> <span class='ocrx_word' id='word_1_344' title='bbox 1372 4415 1491 4492; x_wconf 84' lang='lat' dir='ltr'><strong>Preller,</strong></span> 
     </span>
     <span class='ocr_line' id='line_1_39' title="bbox 342 4506 1335 4582; baseline -0.001 -16"><span class='ocrx_word' id='word_1_345' title='bbox 342 4507 450 4568; x_wconf 82' lang='lat' dir='ltr'><strong>Grioch.</strong></span> <span class='ocrx_word' id='word_1_346' title='bbox 471 4506 558 4582; x_wconf 85' lang='lat' dir='ltr'><strong>Myth.</strong></span> <span class='ocrx_word' id='word_1_347' title='bbox 577 4525 604 4582; x_wconf 85' lang='lat' dir='ltr'><strong>p.</strong></span> <span class='ocrx_word' id='word_1_348' title='bbox 626 4511 685 4566; x_wconf 83' lang='lat'>110.</span> <span class='ocrx_word' id='word_1_349' title='bbox 767 4569 770 4576; x_wconf 38' lang='grc'>,</span> <span class='ocrx_word' id='word_1_350' title='bbox 1334 4545 1335 4550; x_wconf 39' lang='lat'>1</span> 
     </span>
    </p>
   </div>
   <div class='ocr_carea' id='block_1_4' title="bbox 0 0 1606 5200">
    <p class='ocr_par' dir='ltr' id='par_1_8' title="bbox 0 0 1606 5200">
     <span class='ocr_line' id='line_1_40' title="bbox 0 0 1606 5200; baseline 0 0"><span class='ocrx_word' id='word_1_351' title='bbox 0 0 1606 5200; x_wconf 95' lang='lat' dir='ltr'><strong> </strong></span> 
     </span>
    </p>
   </div>
  </div>
 </body>
</html>
