3194 5200
682 406 719 469 61

121 581 160 649 αί
183 577 333 671 χερμὰδες
357 580 459 664 λίθοι).
504 580 655 643 Postremo
680 581 717 642 dc
739 581 919 662 etymologia
941 583 1022 643 vocis
1045 573 1176 666 ίμπνιος,
1203 601 1278 664 quae

118 699 158 754 in
191 695 265 753 sch.
288 693 339 752 IV
358 694 435 752 989
467 690 628 770 profertur,
662 689 792 748 conferas
825 698 940 770 praeter
970 697 1057 769 etym.
1089 711 1125 748 m.
1152 692 1222 764 625,
1236 692 1276 750 39

121 804 219 861 etiarn
251 798 339 858 schol.
372 799 404 854 in
436 795 581 876 Lycophr.
615 816 642 853 v.
674 797 756 852 1264
787 817 816 874 p.
847 799 969 870 181,18
1003 792 1128 880 δμπνίαν
1161 790 1194 856 δὲ
1224 791 1279 877 τὴν

125 904 327 967 συντελοῦσαν
351 897 423 985 πρὸς
447 897 479 961 τὸ
503 901 566 982 ζῆν,
590 894 671 982 παρὰ
693 895 727 960 τὸ
750 897 839 976 πνέω,
863 898 892 969 ἐξ
916 896 950 960 οὗ
974 898 1118 963 πλουσίαν
1141 909 1170 962 et
1188 899 1278 960 schol.

125 1016 165 1071 in
186 1013 251 1071 Nic.
274 1010 322 1069 Al.
348 1012 375 1068 7,

218 1116 306 1175 Talia
328 1123 426 1173 autem
450 1133 468 1171 a
490 1113 612 1173 Theona
635 1112 731 1172 aliena
757 1133 816 1172 non
846 1111 936 1171 fuisse
969 1112 1080 1172 scholio
1102 1113 1278 1173 Theocriteo

128 1220 302 1293 ostenditur,
334 1217 413 1299 quod
436 1221 467 1276 in
490 1226 578 1298 etym.
601 1239 638 1276 m.
665 1221 735 1292 160,
749 1221 788 1277 30
812 1215 860 1299 (σί.
885 1217 976 1277 Gaisf.
999 1226 1058 1277 not.
1081 1221 1112 1276 in
1134 1241 1161 1278 v.
1187 1223 1225 1278 27
1250 1227 1280 1278 et

130 1325 188 1403 28)
212 1332 328 1385 servato
350 1326 469 1383 nomine
491 1323 622 1382 Theonis
644 1322 786 1382 traditur:
817 1318 936 1404 γριπείς
961 1322 976 1382 ί
1000 1320 1108 1392 ἁλιεύς.
1134 1319 1216 1406 παρά
1245 1320 1279 1384 τί

130 1432 236 1514 γρῖπος
260 1425 292 1492 τὸ
317 1426 432 1492 δίκτυον
455 1427 644 1512 παρωνύμως
671 1427 807 1513 γριπείς·
839 1429 941 1512 γρῖπος
965 1425 997 1490 δὲ
1021 1425 1101 1512 παρὰ
1123 1425 1156 1490 τὸ
1181 1429 1219 1512 ἀγ
1239 1431 1281 1493 εῖν

133 1531 198 1597 οἷον
221 1530 343 1618 ἁγριπος
367 1531 467 1618 ἐνδείᾳ
489 1536 541 1595 τοῦ
566 1555 603 1595 α·
636 1533 736 1618 ἁγρεῖν
762 1531 819 1618 γάρ
842 1531 875 1595 τὸ
898 1531 1069 1618 λαμβάνειν.
1093 1533 1172 1596 οὕτω
1195 1451 1280 1598 iidoc

129 1640 164 1703 ἐν
187 1643 224 1723 τῇ
246 1637 409 1722 ὑπομνήσει
426 1637 586 1722 Θεοκρίτου
611 1640 684 1721 (sch.
706 1640 764 1700 Th.
785 1643 835 1714 50,
852 1641 916 1720 11);
939 1641 988 1700 vel
1011 1640 1121 1700 scholio
1143 1645 1175 1700 in
1191 1642 1280 1702 Calli-

128 1737 228 1806 machi
253 1738 350 1822 Αίτια,
374 1745 453 1826 quod
475 1755 564 1826 etym.
588 1767 625 1806 nr.
653 1749 722 1821 160,
735 1749 774 1805 30
799 1748 832 1824 (s.
855 1767 882 1805 v.
906 1744 1044 1827 ἁστυράν)
1067 1756 1212 1807 servatum
1237 1758 1281 1808 est

132 1855 261 1931 ascripto
283 1854 402 1910 nominc
424 1852 563 1926 Theonis,
595 1871 669 1931 quae
699 1851 836 1931 exempla
862 1867 881 1910 e·
900 1852 1120 1911 Reitzensteinii
1142 1854 1281 1932 etymolo-

133 1960 201 2035 gico
224 1959 352 2033 genuino
377 1959 477 2034 augeri
500 1957 623 2016 fortasse
645 1965 767 2035 possunt
780 1955 811 2034 ¹).
836 1955 949 2016 Eodem
964 1956 1051 2016 modo
1066 1961 1155 2016 etiam
1170 1958 1282 2018 scholia

130 2063 193 2137 illa,
227 2065 258 2121 in
293 2062 397 2142 quibus
427 2061 625 2122 Callimachus
658 2065 741 2121 testis
774 2062 901 2135 affertur,
935 2062 974 2120 ad
1002 2063 1152 2122 'l'lreonem
1185 2064 1281 2124 redire

131 2177 264 2247 possunt,
299 2189 474 2248 quamquam
503 2176 612 2227 certum
642 2167 784 2226 indicium
814 2167 909 2225 adhuc
931 2187 989 2225 non
1012 2169 1118 2227 inveni.
1164 2169 1281 2228 'Phaoni

135 2275 250 2333 collatis
273 2274 394 2333 scholiis
416 2275 600 2333 Theocriteis
623 2276 710 2333 etiarn
733 2272 794 2332 sch.
819 2273 911 2332 [972
936 2272 1093 2332 attribuere
1120 2293 1281 2352 possumus,

134 2380 186 2438 nbi
208 2383 240 2438 in
262 2380 360 2440 verbis
382 2387 486 2460 poetae
508 2373 572 2440 ῖσίν
596 2402 652 2440 που
675 2375 804 2462 κακείνῳ
827 2377 960 2453 traditur,
990 2381 1022 2437 in
1044 2379 1163 2438 scholiis
1184 2389 1281 2440 autern

136 2489 222 2544 varia
244 2489 387 2565 scriptura
410 2484 500 2568 ἁρμοῖ
522 2508 579 2546 που
602 2482 730 2568 κακείνῳ
754 2493 870 2544 servata
892 2494 949 2544 est:
972 2479 1034 2545 ἶσόν
1058 2507 1114 2546 που
1137 2482 1283 2570 κακείνῳε

110 2612 114 2616 ·
135 2586 199 2652 ἁντί
222 2593 273 2652 τοῦ
296 2588 467 2653 νεωστί...
485 2587 632 2674 γράφεται
656 2586 689 2651 δὲ
715 2589 825 2673 ,ἁρμοῖ
846 2613 903 2651 που
926 2587 1054 2674 κακείνιρ
1074 2587 1283 2676 ὑποσταχίιεσ-

135 2703 208 2760 κον“
234 2692 297 2758 duri
320 2703 371 2758 τοῦ
393 2692 498 2759 νεωστὶ
523 2693 698 2780 δπηίξανον,
723 2693 882 2777 ίπήνίλουν.
927 2696 1106 2756 Monendum
1129 2707 1174 2756 est
1195 2703 1283 2759 etiam

136 2805 252 2863 initium
276 2803 381 2862 scholii
404 2803 442 2862 ad
464 2805 577 2862 variam
600 2805 780 2883 scripturam,
812 2823 870 2861 non
901 2801 939 2860 ad
967 2802 1058 2862 verba
1079 2805 1110 2862 in
1133 2803 1282 2865 codicibus

136 2907 247 2968 tradita
276 2917 415 2989 spectare.
461 2909 594 2984 Quocum
623 2909 753 2968 conferas
783 2908 841 2968 sch.
865 2908 988 2967 Theocr.
1012 2909 1057 2968 IV
1075 2911 1114 2967 50
1144 2907 1235 2992 ἁρμοῖ
1257 2909 1283 2971 εί

138 3009 192 3096 μὲν
217 3014 363 3097 ψιλοῦται,
396 3009 429 3074 τὸ
453 3012 562 3098 ἀρτίως
584 3009 633 3074 καί
656 3009 763 3102 νεωστί
787 3011 934 3096 σημαίνει,
965 3011 991 3073 εί
1016 3009 1048 3074 δὲ
1072 3012 1228 3078 δασύνεται
1250 3013 1284 3078 τὸ

134 3117 342 3202 ἡρμοσμένως,
379 3119 456 3200 quod
487 3121 630 3180 scholium
658 3121 788 3180 Theonis
819 3140 883 3180 esse
909 3118 1045 3180 docemur
1066 3129 1154 3200 etym.
1176 3143 1282 3201 magno

135 3226 222 3305 (144,
236 3227 297 3305 50),
321 3226 372 3284 ubi
396 3227 469 3285 haec
487 3235 569 3286 sunt:
593 3223 680 3310 ἁρμῷ
703 3220 784 3308 παρὰ
806 3225 866 3296 τοῖς
890 3223 1084 3308 Συρακοσίοις
1109 3221 1158 3288 διά
1181 3229 1232 3289 τοῦ
1256 3252 1284 3291 οι

135 3327 298 3418 γράφεται·
327 3329 434 3392 ἐκεῖνοι
457 3327 513 3415 γάρ
538 3331 628 3415 ἁρμοῖ
650 3329 769 3412 λέγουσι
792 3326 868 3393 κατὰ
892 3327 1038 3414 συστολὴν
1061 3334 1112 3393 τοῦ
1136 3358 1161 3395 ω
1185 3333 1226 3405 είς
1250 3330 1283 3396 τδ

135 3459 161 3515 ο,
196 3437 237 3506 ὡς
267 3433 347 3519 παρά
370 3433 564 3522 Καλλιμάχῳ
597 3436 706 3521 ,ἁρμοῖ
734 3433 791 3520 γάρ
814 3435 941 3499 Δαναῶν
964 3442 1003 3521 γῆ
1029 3439 1069 3508 ὡς
1094 3434 1151 3500 ἀπὸ
1177 3439 1284 3524 βουγε-

133 3540 242 3613 νέως“.
279 3539 417 3624 σημαίνει
439 3539 472 3604 τὸ
496 3541 605 3628 ἀρτίως
628 3545 648 3626 ἢ
673 3541 825 3627 ἁρμοδίως
851 3542 960 3627 ,ἁρμοῖ
982 3567 1038 3605 που
1061 3542 1189 3630 κάκείνῳ
1212 3545 1227 3607 ἐ
1251 3543 1284 3608 έ-

134 3669 223 3732 τρεχε
246 3643 351 3718 λεπτὸς
374 3643 503 3719 ῖουλος“.
535 3646 613 3712 οὕτω
638 3646 723 3711 Θέων
747 3648 762 3710 ί
786 3643 1011 3733 Ἀρτεμιδώρου.
1041 3648 1220 3735 προστίθησι
1251 3649 1284 3714 δὲ

138 3753 183 3816 ὅτι
206 3750 239 3815 τί
263 3751 354 3838 ἁρμοῖ
377 3751 554 3838 φιλούμενον
579 3752 718 3838 σημαίνει
747 3751 779 3816 τὸ
810 3753 928 3839 ἀρτίως,
959 3756 1157 3840 δασυνόμενον
1189 3753 1222 3820 δὲ
1251 3755 1285 3821 τί

211 3965 236 4033 1)
256 3962 376 4019 Theonis
396 3965 481 4034 igitur
499 3965 620 4024 fortasse
639 3978 682 4023 est
700 3968 783 4024 etiem
804 3966 889 4022 schol.
910 3965 948 4021 lV
962 3970 1030 4023 1917
1049 3967 1134 4032 droco
1153 3970 1220 4042 παρὰ
1238 3969 1285 4044 τὴν

134 4053 200 4125 ἀτην
219 4053 309 4124 γίνεται
330 4051 399 4128 ῥῆμα
419 4057 484 4119 ἀτῶ,
503 4055 532 4111 cir
552 4061 702 4132 παράγωγον
722 4059 801 4122 ἁτίω,
821 4057 857 4118 ὡς
876 4058 929 4112 ἀλῶ
950 4057 1018 4112 ἀλίω
1034 4060 1077 4114 καί
1090 4059 1183 4117 ὀλλίω·
1203 4077 1285 4134 περιο·

134 4143 268 4203 σείσαντος
287 4145 313 4199 δὲ
332 4150 376 4200 τοί
396 4133 517 4211 ζάτίζω
538 4148 574 4208 ὡς
593 4150 636 4204 καί
654 4150 721 4224 παρὰ
739 4149 769 4202 τὸ
796 4149 860 4202 ἀτίω
886 4149 973 4212 ἀτίζω.
1010 4148 1130 4218 Quocum
1157 4149 1284 4206 conseras

134 4241 216 4304 etym.
237 4251 272 4288 m.
294 4238 361 4291 168:
390 4237 490 4300 ἀτίζων
519 4238 550 4308 ,δ
578 4239 600 4291 δ’
628 4240 691 4312 ἠέρα
714 4244 810 4312 παῦρον
836 4237 920 4301 ἀτίζει
939 4239 979 4292 οἶοι
1004 4239 1186 4312 κατηβολέων“
1211 4239 1282 4311 (Nic.

133 4323 179 4380 Al.
195 4326 311 4396 193-4)
324 4327 379 4380 ἀντὶ
397 4333 442 4382 τοῦ
462 4328 628 4383 καταπίπτων
643 4331 743 4401 οιίματι
756 4331 800 4383 καί
815 4330 886 4404 ψυχῇ
902 4330 988 4404 ,ψυχῇ
1002 4329 1024 4383 δ’
1037 4331 1146 4385 ἀϊδωνία
1161 4331 1283 4387 λείοσειίί.

133 4415 178 4468 ἐὰν
203 4414 302 4479 ἀτίζων
327 4417 513 4491 ἀφροντιστῶν.
538 4418 580 4472 lav
608 4420 634 4474 δὲ
661 4420 787 4483 ἀτίζων
815 4419 864 4492 ἅτρ
893 4421 1085 4495 περιφερόμενος
1112 4421 1285 4477 καταπίπτων.

133 4503 218 4570 οὕτως
236 4506 309 4586 εὗρον
325 4507 350 4564 ίν
368 4508 533 4586 ὑπομνήματι
552 4505 697 4586 Νικάνδρου
716 4508 742 4565 ir
762 4506 910 4586 Θηριακοῖς.
