3194 5200
688 357 728 424 47

124 538 206 605 haec
233 525 347 604 scholia
379 535 417 600 ad
439 537 626 600 Homericam
657 542 925 620 interpretationem
954 537 1118 618 spectantia
1148 539 1285 599 omniae

125 651 228 711 lexico
250 650 303 709 illo
325 649 446 708 fluxisse
468 649 587 706 minime
609 665 727 706 necesse
750 654 801 704 est.
848 644 940 704 Immo
962 665 1032 705 vero
1054 644 1225 706 incredibile
1240 654 1285 706 est

127 760 307 836 interpretes
326 753 486 832 Apollonii,
509 754 559 832 qui
583 749 702 831 quidem
724 753 788 830 ipse
810 750 919 830 ubique
941 753 972 809 iu
995 753 1121 810 carmine
1143 771 1194 811 suo
1217 771 1285 810 cou-

101 866 104 871 ’
128 866 293 922 troversias
316 863 445 919 virorum
469 857 621 918 doctorum
643 860 675 916 in
697 859 937 936 interpretatione
959 857 1081 916 Homeri
1107 862 1286 918 versantium

130 976 261 1048 spectet,
292 987 351 1026 non
382 963 451 1025 inde
481 963 518 1022 ab
546 966 630 1022 initio
654 963 841 1022 Homericam
863 962 1023 1024 doctrinam
1047 962 1142 1023 adisse
1164 983 1287 1046 eamque

130 1077 166 1132 in
201 1075 327 1132 carmine
362 1069 537 1150 explicando
572 1069 751 1130 adhibuisse.
819 1069 886 1144 Qua
920 1067 957 1128 de
988 1089 1079 1144 causa
1113 1072 1201 1129 etiam
1234 1071 1286 1129 illa

133 1179 248 1238 scholia
268 1197 328 1237 non
349 1181 392 1236 ita
414 1197 490 1251 rara,
514 1175 620 1256 quibus
642 1174 679 1234 de
694 1195 750 1234 usu
767 1178 1006 1250 coniunctionum,
1028 1179 1286 1255 praepositionum,

135 1284 342 1345 adverbiomm
365 1283 561 1362 similiumque
583 1281 737 1341 verborum
768 1283 873 1358 agitur,
902 1283 972 1340 item
995 1301 1011 1340 e
1033 1281 1128 1340 lexico
1150 1282 1202 1341 illo
1225 1284 1288 1342 Ho-

133 1393 244 1450 merico
268 1398 384 1468 sumpta
407 1407 480 1462 esse,
504 1409 679 1468 quamquam
702 1386 825 1461 credam,
848 1407 902 1466 pro
925 1396 1002 1446 certo
1024 1407 1081 1446 non
1098 1387 1287 1448 contendam:

137 1517 204 1555 cum
239 1495 359 1555 scholiis
393 1495 517 1554 Homeri
553 1503 630 1552 certe
664 1494 762 1573 aliquo
796 1493 883 1551 modo
918 1493 1080 1552 cohaerent.
1143 1495 1289 1574 Exempla

136 1605 269 1661 omnia
287 1601 336 1659 hic
360 1600 520 1678 subiungo:
552 1599 633 1658 schol
656 1599 750 1657 1265
774 1593 917 1676 (ἔπειτα),
952 1597 1071 1656 schol.
1095 1598 1205 1672 1299,
1237 1599 1288 1658 ubi

136 1704 301 1764 Aristarchi
327 1706 471 1764 sententia
493 1703 646 1783 profertur,
670 1701 714 1762 ὅτι
739 1701 754 1761 ὁ
774 1700 828 1786 πέρ
843 1699 1005 1783 σύνδεσμος
1019 1699 1133 1764 τίθεται
1148 1703 1289 1775 πολλάκις

138 1805 202 1873 ἀντὶ
230 1811 282 1871 τοῦ
313 1807 348 1890 γε’
377 1805 426 1869 uui
457 1798 495 1892 ὃν)
519 1856 526 1870 .
546 1856 552 1868 .
571 1833 597 1884 .,
640 1808 674 1867 cf.
705 1803 829 1868 Asohol.·
857 1802 883 1868 A
908 1810 987 1882 131,
1019 1809 1077 1867 seh.
1111 1831 1126 1891 p
1151 1813 1207 1885 47,
1238 1813 1288 1871 ubi

137 1915 238 1976 eadem
262 1916 426 1974 Aristarchi
460 1917 605 1974 sententia
634 1921 731 1973 exstat
754 1913 805 1972 sed
829 1916 943 1972 nomine
966 1917 1028 1972 eius
1051 1918 1173 1992 omiss03
1206 1919 1290 1978 aliter

132 2030 236 2094 autem
259 2021 403 2079 BTschol.
428 2016 540 2080 Α131.
578 2019 790 2078 -Aristarchum
815 2021 945 2098 sequitur
966 2022 1053 2077 etiam
1077 2020 1174 2100 Apoll.
1198 2023 1288 2103 Dysc.

136 2121 206 2210 περὶ
231 2125 404 2207 συνδεσμῶν
427 2146 454 2204 p.
480 2126 550 2198 518,
566 2127 604 2183 23
619 2145 656 2182 ss.
681 2123 737 2202 (ed.
760 2125 806 2202 B).
859 2123 948 2202 Apud
982 2124 1171 2202 Apollonium
1200 2128 1288 2209 Soph.

138 2231 246 2291 ‘similis
281 2230 381 2308 glossa
413 2229 543 2288 nondum
578 2235 681 2288 exstat.
714 2227 840 2286 schol.
871 2228 981 2286 1406
1018 2229 1054 2288 do
1087 2251 1114 2289 v.
1148 2231 1221 2314 πρό,
1254 2236 1288 2295 σ1.

136 2337 258 2397 Tschol.
283 2331 311 2396 ll
338 2339 398 2394 188
423 2331 522 2404 ἄλλως
545 2333 741 2418 πρσφόωσδε·
772 2335 792 2416 ἢ
817 2330 978 2416 περιττεύει
1006 2335 1025 2417 ἡ
1049 2335 1106 2419 πρό
1130 2339 1170 2408 ὡς
1199 2338 1290 2424 ,νῆάς

136 2463 172 2504 τε
204 2437 391 2524 προπάσας“,
426 2439 559 2522 ῆτόπον
584 2439 671 2522 δηλοῖ
694 2465 765 2515 ...,
801 2440 915 2498 schol.
939 2441 1044 2499 1631
1080 2441 1115 2501 de
1146 2464 1172 2504 v.
1204 2442 1289 2527 ἧς

136 2547 238 2627 Apoll.
263 2547 291 2607 S.
314 2550 364 2621 81,
380 2549 429 2622 27,
452 2547 571 2608 Asohol.
595 2549 627 2605 in
650 2542 677 2607 A
696 2549 766 2620 219,
789 2545 866 2604 unde
889 2548 976 2605 etiam
999 2551 1176 2628 exscriptum
1202 2560 1289 2630 etym.

136 2676 176 2713 rn.
202 2657 274 2728 414,
290 2656 346 2730 52,
371 2652 488 2712 schol.
512 2653 621 2711 1664
646 2651 682 2712 de
704 2674 731 2710 v.
748 2648 815 2734 νύν,
838 2651 873 2710 cf.
890 2651 988 2730 Apoll.
1006 2652 1035 2713 S.
1057 2657 1157 2728 117,3
1182 2656 1290 2736 (Apoll.

138 2761 231 2839 Dysc.
256 2754 324 2842 περὶ
348 2758 520 2841 συνδεσμῶν
542 2780 569 2837 p.
596 2759 684 2837 525),
715 2758 836 2817 schol.
861 2759 971 2817 1769
996 2766 1032 2816 et
1054 2759 1180 2820 11137
1204 2763 1240 2822 de
1263 2787 1291 2826 v.

139 2864 228 2948 dppu,
261 2865 296 2924 cf.
319 2864 471 2923 ATschol.
496 2860 522 2923 ll
550 2867 627 2940 228,
660 2863 777 2922 schol.
805 2865 913 2923 1998
945 2863 994 2942 (cf.
1023 2865 1164 2945 111354)
1196 2867 1233 2928 de
1262 2891 1290 2930 v.

139 2969 251 3052 δῆθεν,
281 2971 316 3030 cf.
340 2979 427 3050 etym.
450 2991 486 3028 m.
513 2973 584 3045 263,
598 2972 636 3029 25
661 2969 712 3028 ubi
734 2989 786 3048 pro
809 2958 1015 3052 παραπλήσιον
1039 2971 1224 3032 scribendum
1247 2985 1291 3036 est

139 3074 471 3160 παρσπληρωμσιτινόν,
513 3075 633 3138 schol.
655 3077 792 3134 11349
825 3074 862 3135 de
892 3096 919 3137 v.
950 3073 1076 3153 ὁππότε,
1112 3079 1226 3138 schol.
1251 3083 1291 3142 ΙΙ

143 3187 212 3242 121
238 3181 276 3242 de
291 3203 317 3241 v.
337 3182 412 3264 ὁμσῦ
429 3209 469 3234 =
486 3182 576 3240 schol.
599 3185 630 3240 in
652 3182 687 3240 ll.
704 3175 728 3242 l]
745 3185 816 3256 867,
838 3180 915 3241 unde
936 3184 1046 3261 petitae
1068 3203 1132 3244 esse
1154 3185 1292 3248 videntur

140 3290 229 3347 etiam
252 3287 497 3367 Harpocrationis
521 3287 605 3365 (137,
621 3287 674 3366 26)
708 3295 737 3346 et
771 3287 870 3345 Photii
904 3287 1019 3364 glossae
1050 3287 1087 3347 de
1118 3289 1144 3349 h.
1175 3311 1202 3350 ν.
1225 3313 1290 3352 cum

141 3393 231 3452 schol.
253 3396 285 3450 in
308 3392 405 3472 Apoll.
427 3392 482 3450 Rh.
502 3391 619 3452 11079
644 3391 681 3451 de
704 3391 805 3451 eadem
828 3412 899 3451 voce
922 3412 959 3452 ex
982 3393 1039 3452 alio
1062 3393 1142 3454 fonte
1164 3402 1292 3479 exscrip-

140 3506 202 3558 tum
235 3517 299 3557 esse
331 3497 482 3574 videatur3
519 3498 638 3561 schol.
663 3497 818 3556 111322
843 3497 879 3557 de
901 3519 928 3557 v.
953 3495 1036 3578 uoti,
1070 3500 1105 3559 of.
1138 3509 1224 3581 etym.
1252 3526 1289 3570 m.

144 3607 215 3678 685,
230 3607 269 3663 24
302 3624 325 3665 s.
351 3625 379 3662 v.
412 3599 610 3665 πστινίσσεται
634 3604 681 3683 (Il.
705 3599 809 3683 1381)
916 3599 949 3664 τὸ
982 3599 1014 3664 δὲ
1046 3599 1111 3666 ποτὶ
1143 3603 1195 3688 τὴν
1219 3606 1290 3692 πρὸς

141 3707 285 3793 πρόθεσιν
309 3706 447 3791 σημαίνει
470 3707 631 3792 Δωρικῶς,
655 3710 777 3768 schol.
801 3710 862 3768 111
887 3713 962 3769 422
987 3707 1109 3794 (πάρος),
1134 3713 1168 3773 cf.
1192 3716 1290 3794 Apoll.

142 3813 231 3894 Soph.
260 3817 379 3890 128,2,
413 3815 484 3876 Lex.
508 3815 626 3874 Bachm.
652 3818 722 3889 333,
737 3819 803 3891 28,
825 3814 943 3875 schol.
967 3815 1070 3874 1731
1103 3816 1225 3896 (τόσος),
1254 3821 1291 3882 cf.

142 3919 241 4000 Apoll.
259 3919 288 3980 S.
309 3920 377 3995 154,
391 3925 426 3994 3,
450 3922 585 3981 similiter
608 3920 727 3980 schol.
750 3921 767 3978 I
787 3922 862 3978 938
886 3918 922 3978 de
937 3941 964 3979 v.
982 3919 1085 3998 ὅσσος,
1110 3923 1217 3984 schol.
1239 3927 1288 3986 15

142 4026 245 4106 (τοῖος)
270 4051 309 4078 =
334 4034 421 4107 etym.
444 4047 481 4086 m.
507 4030 651 4104 761,18,
673 4026 725 4086 ubi
748 4025 858 4084 scholia
881 4025 1040 4086 Homerica
1061 4031 1207 4110 exscripta
1230 4052 1292 4093 esse

141 4131 287 4194 videntur.

229 4239 307 4298 Eum
338 4247 449 4314 autem,
482 4243 534 4320 qui
563 4239 660 4302 lexico
691 4242 743 4302 illo
766 4242 924 4304 Homerico
956 4241 994 4302 ad
1024 4243 1136 4302 scholia
1157 4244 1291 4321 augenda

142 4363 213 4405 usus
235 4347 282 4419 sit,
303 4365 362 4404 non
384 4345 426 4403 ita
449 4343 603 4424 diligenter
623 4368 742 4409 munere
764 4370 816 4408 sno
831 4350 961 4410 functum
978 4367 1041 4408 esse
1056 4347 1197 4408 videmus.
1243 4349 1292 4410 Sic

142 4449 246 4512 scholii
268 4449 306 4511 ad
328 4470 357 4514 v.
381 4449 475 4512 1272
499 4461 613 4515 auctor:
645 4449 679 4516 cd
715 4449 748 4516 δὲ
779 4453 926 4540 ἡγηλάζει
950 4449 1001 4518 κα)
1023 4449 1193 4539 ἡγηλάσκαι
1216 4451 1293 4519 κατὰ
