3194 5200
678 479 717 544 27

116 649 146 738 (Ι
165 657 269 740 1196).
294 653 480 743 χαλκοβαρεῖ
503 650 536 718 δὲ
559 654 603 743 τῷ
625 653 801 742 βαρουμένιρ
825 651 880 721 ὑπό
903 651 1029 744 χαλκοῦ.
1054 652 1189 742 κέντρους
1212 649 1268 742 γάρ

118 760 199 848 εἶχεν
212 763 386 850 ἡλωμένους
401 763 499 848 βαρεῖς
516 758 566 826 καί
580 759 728 849 μεγάλους
745 759 794 826 διά
806 759 838 825 τὸ
854 759 892 826 τά
908 764 1096 848 πληττόμενα
1114 762 1161 827 ὑπ’
1179 762 1270 826 αὐτοῦ

120 868 259 952 μεγάλως
283 867 485 955 βλάπτεσθαι,
519 879 551 929 ut
582 874 613 929 iu
644 871 755 930 scholio
785 879 901 950 praeter
922 871 1062 931 Pisandri
1084 875 1171 932 etiam
1194 873 1269 932 aliae

117 981 280 1038 sententiae
303 977 340 1037 de
362 977 499 1037 Herculis
523 976 608 1035 clava
630 976 701 1035 olim
722 976 812 1036 fuisse
834 976 1007 1037 videantur.

203 1067 376 1164 Phylarchi
403 1084 577 1142 senteutiam
609 1085 639 1141 in
671 1083 761 1142 schol.
794 1083 907 1142 11168
940 1087 1077 1144 omissam
1108 1103 1145 1144 cx
1179 1093 1266 1164 etym.

114 1209 179 1268 geu.
204 1215 244 1242 =
271 1196 308 1248 ct.
332 1210 369 1247 m.
394 1191 465 1263 208,
479 1190 518 1247 35
543 1206 754 1267 recuperamus.
798 1188 858 1248 Res
881 1196 924 1247 cst
944 1188 981 1248 dc
996 1189 1118 1268 Bospori
1142 1191 1267 1264 nominc,

116 1304 147 1356 et
169 1298 329 1376 praemisso
352 1293 462 1354 scholio
484 1295 516 1352 iu
538 1293 625 1352 Dion.
649 1294 713 1353 Per.
736 1315 763 1352 v.
790 1293 881 1370 140s1
911 1313 947 1354 ex
970 1295 1060 1355 schol.
1083 1282 1173 1374 Ἀρία.
1196 1295 1269 1354 haec

115 1409 256 1481 excerpta
285 1407 368 1461 sunt:
402 1395 566 1482 Φύλαρχος
597 1393 629 1458 δὲ
662 1397 706 1459 ότι
736 1397 764 1459 οἱ
793 1393 875 1468 ἐντός
904 1400 956 1459 τοῦ
990 1395 1127 1468 Εὐξείνου
1152 1397 1269 1463 Πόντου

115 1504 195 1591 ἦσαν
220 1501 336 1589 ἄπειροι
367 1502 532 1586 γεωργίας,
566 1503 593 1566 οἱ
618 1499 651 1564 δὲ
682 1499 763 1574 ἐντός
787 1500 929 1588 ἔμπειροι.
964 1501 1009 1566 διὸ
1040 1502 1090 1566 καὶ
1115 1502 1271 1589 Βόσπορος

115 1610 215 1675 ἐκεῖνο
238 1607 271 1672 τὸ
296 1607 383 1694 μέρος
407 1607 542 1671 ἐκαλεῖτο
565 1610 616 1670 τοῦ
640 1606 797 1690 πελάγους,
822 1607 866 1671 ότι
886 1607 1038 1694 ἐσπείρετο
1060 1633 1088 1670 κ.
1104 1633 1128 1675 τ.
1147 1611 1171 1670 λ.
1195 1615 1271 1672 sicut

116 1722 151 1779 in
174 1718 300 1778 scholiis.

209 1823 259 1884 Ao
290 1821 377 1882 schol.
401 1821 511 1881 11373
536 1828 566 1881 et
590 1822 668 1880 999:
700 1829 787 1900 etym.
819 1842 847 1900 g.
879 1843 901 1880 ε.
930 1843 957 1882 v.
980 1817 1192 1904 Θεμισκύρειον
1222 1819 1270 1904 (cf.

117 1939 209 2011 etym.
222 1950 259 1989 m.
274 1930 347 2004 445,
361 1927 413 2002 26)
427 1921 487 1988 οἷον
503 1923 856 2010 ,,ἐξανε’χει-ἠπείροιο“
867 1922 1074 1998 Ἀπολλώνιος
1087 1929 1132 2007 (ΙΙ
1142 1931 1200 1988 371
1212 1930 1270 2003 ss).

119 2033 294 2119 Θερμώδων
327 2030 360 2095 δὲ
390 2031 523 2114 ποταμός
553 2031 630 2093 ἐστιν
663 2029 838 2115 παραρρέων
869 2029 922 2115 τὴν
946 2025 1126 2116 Ἀμαζόνων
1157 2031 1270 2117 χώραν.

119 2138 185 2202 ἔστι
209 2137 241 2202 δὲ
264 2136 314 2202 καὶ
337 2138 436 2222 ἕτερος
461 2133 617 2206 Βοιωτίας.
648 2139 725 2220 τρεῖς
749 2133 782 2197 δὲ
805 2135 903 2206 πόλεις
927 2135 1000 2199 εἰσίν
1023 2135 1097 2200 ἔνθα
1118 2128 1270 2220 κατῴκουν

116 2245 151 2308 αί
173 2238 358 2328 Ἀμαζόνες·
381 2245 400 2326 ἡ
426 2239 477 2326 μὲν
490 2241 511 2321 ¹)
534 2239 702 2304 Λυκάστεια
726 2239 891 2322 (λυκασίεια
911 2239 948 2323 Β)
971 2244 990 2326 ἡ
1017 2239 1049 2306 δὲ
1073 2241 1271 2326 Θερισκόρεια

115 2353 138 2435 ἡ
164 2348 197 2413 δὲ
221 2347 373 2413 Χαλίσεια
396 2344 638 2433 (ΧαλίστειοιΒ).
663 2345 734 2410 ὅθεν
755 2343 806 2409 καί
824 2347 855 2408 ul
876 2343 1033 2431 Ἀμαζόνες
1045 2347 1069 2430 ²)
1092 2345 1152 2412 οἷον
1178 2345 1272 2424 ,ἔνθα

118 2454 333 2540 Θεμισκύρειαι
356 2448 523 2538 Ἀμαζόνες
548 2451 745 2524 ὡπλίζοντεςί*
772 2455 816 2534 (ΙΙ
833 2456 907 2534 995)
917 2452 942 2534 3)
974 2451 1038 2536 [καί
1061 2453 1200 2540 χαλίσεια
1222 2451 1272 2516 καί

51 2628 55 2632 ,
117 2560 306 2643 λυκάστεια].
329 2564 397 2622 Duo
413 2563 462 2620 hic
478 2561 597 2634 scholia,
622 2581 695 2640 quae
708 2564 740 2618 in
757 2560 907 2620 codicibus
923 2570 1034 2620 secreta
1049 2562 1185 2640 leguntur
1198 2557 1269 2643 (sch.

114 2671 152 2730 II
169 2673 208 2729 37
213 2673 230 2728 7
245 2678 274 2729 et
287 2666 373 2750 999),
396 2677 429 2726 ut
445 2669 561 2746 saepius
580 2669 610 2725 in
627 2666 821 2745 etymologico
838 2667 946 2726 factum
965 2676 1015 2742 est,
1038 2671 1069 2726 iu
1091 2689 1181 2728 unum
1203 2689 1271 2726 cou-

118 2783 217 2836 tracta
239 2781 314 2834 suut.
360 2773 477 2832 Novum
493 2771 615 2845 accedit,
638 2769 718 2850 quod
734 2770 771 2830 de
787 2770 1007 2832 Thermodonte
1019 2773 1159 2832 Boeotiae
1181 2773 1271 2832 fluvio

117 2877 271 2960 dicitur⁴).
316 2879 431 2938 Nomen
455 2885 551 2937 autem
581 2877 662 2936 urbis
685 2873 829 2958 Χαδησία
851 2880 882 2936 in
905 2885 993 2957 etym.
1016 2899 1043 2954 g.
1067 2881 1098 2938 in
1121 2873 1271 2940 Χαλισεία

119 2993 290 3064 corruptum
313 2992 371 3057 εει,
394 2987 425 3042 in
449 2982 540 3042 schol.
563 2981 597 3041 Π
614 2983 675 3041 373
699 2984 730 3039 in
754 2976 913 3064 Χαλυβία,
937 3003 1003 3040 ουτω
1026 2977 1170 3064 Χαδησία
1193 2992 1273 3044 recte

117 3094 152 3149 in
176 3090 234 3148 sch.
262 3091 294 3148 II
312 3092 372 3148 999
397 3089 521 3166 legatur.
568 3087 663 3162 Quam
696 3087 889 3166 corruptelam
918 3089 1030 3145 iamin
1053 3089 1186 3168 exemplo
1211 3097 1272 3168 ety-

123 3196 263 3274 mologici
286 3195 375 3254 fuisse
398 3214 432 3253 eo
456 3201 586 3274 apparet,
610 3191 687 3272 quod
708 3192 787 3270 apud
803 3192 902 3271 Steph.
919 3193 990 3271 Byz.
1014 3214 1078 3252 av.
1103 3189 1271 3273 Χαλισία,

119 3305 138 3361 i.
157 3321 180 3362 e.
205 3301 283 3382 apud
308 3300 415 3374 Orum,
439 3303 488 3380 qui
511 3301 715 3358 commentario
740 3299 894 3376 Sophoclis
915 3320 985 3358 usus
1008 3309 1065 3375 εει,
1088 3301 1161 3360 haec
1183 3301 1272 3362 verba

118 3415 253 3468 exstant:
277 3453 306 3466 ..
325 3453 330 3465 .
355 3401 417 3466 ἔστι
440 3400 490 3466 καί
513 3400 589 3486 άλλη
607 3399 678 3486 πρὸς
692 3409 735 3488 τῷ
754 3401 869 3486 Πόντῳ,
894 3401 947 3486 μία
961 3409 1020 3465 τῶν
1035 3401 1212 3488 Αμαζόνων,
1235 3405 1272 3489 ἥς

119 3510 147 3573 ol
164 3509 315 3593 οἰκήτορες
330 3507 480 3574 Χαλίσιοι.
527 3507 608 3582 Quid
630 3517 727 3569 autem
750 3513 775 3568 si
797 3509 875 3570 idem
890 3509 1056 3590 Stephanus
1078 3532 1099 3570 s.
1115 3533 1143 3570 v.
1158 3507 1273 3572 Χαδί-

118 3613 155 3678 σί
164 3639 183 3677 α
201 3616 273 3676 haec
287 3615 422 3695 praehet:
444 3613 527 3684 πόλις
540 3611 738 3696 Λευκυσόρων
750 3605 911 3684 Ἑκαταῖος
925 3614 1122 3696 γενεαλογιῶν
1139 3613 1271 3700 δευτέρα.

118 3722 139 3803 ἡ
164 3715 200 3780 δὲ
216 3717 386 3817 Θεμισκόρη
410 3717 511 3781 πεδίον
534 3715 612 3780 ἐστὶν
637 3715 695 3780 ἀπὸ
712 3715 872 3801 Χαδησίιγς
897 3717 985 3802 μέχρι
1002 3717 1273 3803 Θερμώδοντος...

118 3818 327 3894 Ἀπολλώνιος
352 3825 369 3908 β
394 3824 503 3907 ,νόσφι
527 3822 552 3886 δ’
578 3823 785 3909 ἀκοντό<βολοι
808 3821 984 3908 Χαδίσιοι>“
1010 3827 1054 3904 (ΙΙ
1072 3827 1154 3904 999).
1199 3827 1270 3886 Bou.

194 4121 222 4191 1)
240 4118 333 4176 Vorba
351 4119 367 4193 ἡ
390 4117 603 4190 μὶν-Ἀμαζόνες
621 4105 650 4172 iu
668 4119 694 4172 A
712 4116 814 4173 omissa
832 4123 903 4172 sunt.

173 4210 223 4280 ·2)
241 4208 317 4264 Ἐστι.
337 4208 383 4264 hic
401 4209 546 4282 ἐκλήθησαν
566 4207 656 4278 suppl.
675 4214 726 4262 εει.

191 4299 221 4368 9)
241 4298 306 4354 Sino
324 4298 408 4354 (lubio
429 4299 475 4353 hic
492 4299 621 4368 primitus
640 4297 722 4354 etiam
741 4314 784 4354 vv.
798 4300 851 4354 999
863 4303 891 4354 et
906 4301 975 4354 1000
994 4297 1206 4361 laudaticum,
1225 4297 1272 4352 obi

120 4386 260 4444 Λυκάστιαι
278 4393 307 4444 ει
325 4387 451 4462 Χαδήσιαι
469 4388 652 4444 nominantur.
1253 4435 1259 4442 ,

195 4479 224 4548 ι)
242 4477 350 4533 Fictum
370 4478 491 4534 tortasse
509 4484 625 4547 proptor
643 4477 830 4546 Harmoniam,
850 4483 879 4530 ut
890 4475 1189 4545 Kaibclius'opinatur,
1209 4477 1271 4534 coll.

120 4567 287 4642 Pherecydis
306 4569 398 4628 verbis
416 4567 490 4644 apud
509 4568 604 4638 steph
624 4583 646 4624 s.
666 4581 689 4623 ι.
710 4564 828 4640 ilipula
845 4577 874 4638 ρ’.
893 4568 992 4636 6019.
1101 4616 1104 4624 .
