3194 5200
676 429 714 495 41

109 605 261 674 Lehrsius
284 609 315 671 in
331 606 460 672 Pindari
478 605 598 670 scholiis
620 606 676 670 sibi
697 609 867 690 repperisse
882 609 963 671 visus
986 615 1038 684 est,
1054 603 1149 690 'qna'nr
1170 611 1272 688 postea

109 719 205 779 homo
228 719 336 799 aliquis
359 735 424 776 curn
447 718 550 776 ceteris
573 716 693 776 scholiis
716 695 909 792 coniunxerit,
933 715 985 776 sed
999 719 1098 797 potius
1114 717 1272 794 unicuique

109 828 232 901 versui,
264 825 313 884 vel
337 824 530 904 complurium
554 841 689 883 versuum
712 824 893 910 complexui,
924 842 1053 882 rerum
1077 823 1273 902 explicatione

110 932 253 991 absoluta
284 928 323 990 ad
356 933 612 989 sententiam
644 937 747 1008 poetae
778 930 895 990 facilius
928 928 1155 1007 intellegendam
1187 947 1273 1009 para·

109 1038 234 1118 phrasis
266 1035 404 1096 adiuncta
433 1035 524 1094 fuisse
556 1035 679 1095 videtur.
725 1035 876 1096 Interdum
903 1036 979 1096 ¹haec
1001 1035 1188 1116 paraphrasis
1211 1035 1271 1094 fere

109 1147 232 1221 integra
254 1149 369 1202 servata
394 1149 455 1202 est:
478 1150 511 1200 ut
533 1144 565 1200 in
587 1141 661 1200 libro
686 1141 737 1216 IV,
770 1142 820 1201 ubi
844 1141 880 1201 de
905 1141 1032 1222 Apsyrti
1050 1149 1142 1200 morte
1165 1141 1270 1218 agitur,

111 1247 155 1308 ad
178 1271 225 1308 vv.
248 1249 437 1321 417-512,
469 1246 588 1307 vel-'ad
611 1269 658 1306 vv.
683 1251 743 1306 856
769 1261 848 1328 sqq.:
884 1243 990 1329 μηκέτι
1023 1244 1210 1316 καθέζεσθαι
1239 1243 1270 1305 ἐν

111 1353 181 1422 ταῖς
205 1352 307 1422 ἀκταῖς
330 1357 383 1434 τῆς
409 1348 517 1435 Αἰαίης
540 1348 647 1435 νήσου,
665 1352 733 1422 ταῖς
757 1349 860 1422 οὔσαις
883 1350 1008 1436 πλησίον
1032 1357 1084 1435 τῆς
1108 1348 1270 1434 Τυρσηνῶν

112 1455 323 1542 περιμένοντες
345 1453 395 1519 καὶ
429 1455 653 1542 ὑπερτιθέμενοι
686 1453 735 1520 τὸν
767 1458 860 1522 πλοῦν
884 1457 967 1542 ὑμῶν
990 1460 1078 1539 (856)
1178 1458 1272 1538 πᾶσαι

113 1564 194 1647 ὁμοῦ
217 1563 371 1626 ἀπαντῶσι
393 1561 446 1646 την
468 1565 539 1625 ναῶν
574 1562 761 1646 φυλάξουσιν
792 1563 825 1625 ἐκ
856 1569 915 1627 τῶν
946 1569 1061 1649 πετρῶν
1085 1559 1191 1632 αἵτινες
1213 1583 1272 1623 κα-

113 1669 237 1730 λοῦνται
262 1665 416 1750 Πλαγκταί
437 1670 642 1750 (sea-861).
677 1669 788 1739 ἐκεῖνος
819 1667 876 1753 γὰρ
910 1668 975 1752 ὑμῖν
1008 1669 1024 1730 ὁ
1053 1669 1144 1739 πλοῦς
1176 1661 1271 1737 αἴσιος

111 1769 168 1837 καὶ
193 1770 439 1858 instaurastis
464 1774 479 1835 δ
504 1770 553 1836 διά
574 1778 633 1836 τῶν
651 1772 815 1856 Πλαγκτῶν
840 1779 954 1860 πετρῶν
978 1777 1066 1856 (861)
1174 1772 1272 1856 μητινι

111 1884 176 1942 τῶν
196 1876 408 1965 Ἀργοναυτῶν
433 1879 592 1965 ἀποδείξῃς
617 1903 671 1964 με,
704 1879 792 1964 ἡνίκα
817 1903 853 1965 με
875 1877 942 1966 ίδης
967 1879 1017 1944 σὺν
1040 1881 1104 1952 ταῖς
1128 1875 1274 1962 Νημείσιν

113 1982 329 2070 ὑπαντησασάν
353 2010 400 2048 σοι
423 1985 548 2070 (soils)
572 2037 577 2047 .
596 2035 602 2048 .
620 2035 626 2048 .
651 1985 769 2070 ἀφανὴς
785 1986 929 2071 γενομένη
945 1986 1053 2049 κατέδυ
1070 1985 1112 2057 είς
1125 1988 1160 2050 τὸ
1176 1983 1270 2070 βάθος

111 2097 170 2175 τῆς
203 2089 369 2176 θαλάσσης.
415 2089 463 2154 τὸν
497 2090 531 2154 δέ
556 2090 662 2176 Πηλέα
694 2094 798 2164 δεινῶς
830 2095 849 2177 ἡ
881 2091 959 2176 λύπη
992 2090 1115 2176 ἔπληξεν
1143 2091 1271 2171 (sesso)

113 2208 146 2260 et
171 2218 247 2279 quae
268 2207 430 2279 sequuntur
452 2219 546 2279 usque
569 2199 608 2258 ad
630 2220 657 2258 v.
683 2202 761 2276 890;
793 2199 844 2260 ubi
874 2221 968 2280 pauca
997 2207 1110 2258 tantum
1131 2201 1162 2256 in
1184 2218 1269 2277 para-

112 2305 219 2385 phrasi
242 2308 350 2364 omissa
372 2313 447 2364 sunt.
492 2305 596 2384 Neque
625 2325 694 2365 vero
728 2325 815 2364 causa
847 2308 974 2365 inveniri
997 2312 1106 2384 potest,
1139 2323 1190 2362 cur
1220 2302 1269 2361 hie

113 2408 277 2490 multisque
300 2410 367 2468 aliis
389 2410 470 2484 locis,
493 2430 551 2469 non
574 2419 690 2490 praeter
712 2420 823 2471 ceteros
845 2410 1023 2485 difficilibus,
1052 2409 1143 2470 verba
1164 2415 1270 2488 poetae

112 2525 177 2574 tum
199 2515 286 2595 plene
318 2518 537 2596 circumscripta
569 2519 642 2591 sint,
675 2517 741 2575 aliis
771 2518 960 2597 paraphrasis
989 2520 1105 2576 omnino
1135 2514 1267 2588 defuerit,

110 2619 240 2701 ideoque
269 2613 361 2680 hrulto
391 2621 551 2701 pleniorem
583 2625 671 2681 etiam
704 2623 906 2702 paraphrasim
939 2622 1008 2680 olim
1031 2622 1120 2680 fuisse
1142 2619 1267 2694 credam,

112 2747 204 2806 qnam
234 2729 333 2785 nescio
365 2747 424 2806 qua
453 2726 490 2786 de
521 2748 610 2786 causa
637 2727 749 2787 librarii
772 2728 860 2788 modo
883 2727 1041 2806 diligenter
1062 2728 1268 2806 excerpserint,

111 2829 202 2890 modo
225 2834 342 2890 omnino
365 2832 553 2909 neglexerint.

202 2937 349 3016 Persaepe
378 2939 564 3018 paraphrasis
595 2961 613 2998 a
644 2943 730 2999 certis
758 2939 891 2999 formulis
913 2941 1028 2998 initium
1051 2941 1145 3018 capit:
1176 2933 1266 3020 φησίν

112 3042 167 3121 (sc.
191 3041 207 3101 δ
230 3041 385 3124 ποιητής),
419 3039 492 3103 ὁδέ
515 3045 599 3122 νοῦς,
632 3040 706 3107 ὁδέ
730 3043 834 3126 λόγος,
865 3044 880 3105 6
906 3041 938 3104 δέ
961 3043 1028 3126 ἑξῆς
1051 3041 1155 3124 λόγος,
1178 3041 1267 3102 semel

112 3147 186 3227 (seh.
210 3149 318 3226 1106)
341 3147 360 3230 ἡ
386 3144 419 3208 δέ
444 3145 566 3211 διάνοια.
615 3150 725 3210 Contra
749 3146 891 3228 σύνταξις,
915 3171 991 3231 quae
1013 3171 1073 3209 vox
1095 3151 1266 3208 recentioris

109 3253 162 3313 vel
185 3253 368 3332 Byzantinae
391 3258 496 3314 aetatis
523 3257 725 3336 paraphrasim
755 3256 867 3316 indicat
880 3255 915 3332 ¹),
946 3277 1089 3336 nusquam
1120 3257 1268 3315 invenitur

111 3367 232 3438 praeter
263 3379 352 3417 unum
384 3360 479 3419 locum
511 3360 646 3441 (1v271
678 3359 847 3444 ἀμφιβολία
870 3357 937 3444 περὶ
960 3357 1013 3443 τὴν
1038 3357 1185 3439 σύνταξιν)
1215 3358 1267 3418 uhi

110 3485 173 3524 non
195 3463 233 3523 <le
255 3464 442 3544 paraphrasi,
470 3464 522 3524 sed
545 3464 581 3526 de
604 3486 718 3526 conexu
739 3466 893 3526 verborum
916 3485 961 3525 ras
983 3475 1034 3525 est.
1081 3465 1267 3544 Itaqueiam

110 3570 170 3628 hac
201 3567 240 3629 de
269 3589 358 3629 causa
389 3574 420 3630 in
452 3571 571 3630 scholiis
594 3572 801 3653 Apollonianis
831 3572 1017 3652 paraphrasis
1050 3575 1122 3630 satis
1145 3573 1266 3649 antiquo

109 3678 240 3752 homini,
272 3685 350 3736 certe
372 3699 430 3737 non
453 3681 558 3738 aetatis
581 3680 764 3760 Byzantinae
787 3679 973 3739 attribuenda
1001 3686 1060 3753 est,
1091 3697 1267 3757 quamquam

110 3784 281 3842 accuratius
303 3785 365 3842 eius
387 3791 468 3844 aetas
491 3784 530 3842 ad
552 3784 607 3844 hoc
622 3784 740 3865 quidem
755 3793 869 3865 tempus
884 3783 1013 3844 nondum
1028 3784 1166 3842 constitui
1181 3800 1267 3861 poseo

108 3887 237 3949 videtur.
283 3889 387 3949 Restat
409 3893 497 3950 etiam
525 3891 583 3949 alia
613 3890 753 3950 formula:
784 3885 816 3950 τὸ
841 3888 924 3971 ἑξῆς,
957 3910 1015 3970 qua
1037 3887 1156 3968 quidem
1178 3887 1266 3948 modo

109 3993 304 4074 paraphrasis
327 3990 454 4076 (1536;
479 3998 558 4071 936;
583 3999 660 4071 96];
687 3999 787 4072 10163
814 3999 912 4070 1134;
935 3996 1062 4070 113573
1087 3996 1163 4070 4513
1188 3995 1267 4072 5333

110 4102 195 4174 786;
229 4098 374 4176 111500;
400 4101 491 4180 601),
525 4101 612 4161 modo
645 4105 780 4181 repetitio
814 4103 944 4182 ipsorum
976 4109 1080 4180 poetae
1110 4100 1265 4159 verborum

106 4203 262 4265 indicatur
283 4188 326 4264 ita
354 4213 467 4266 tantum
497 4217 608 4268 mutata
638 4207 916 4268 collocatione
945 4207 1108 4280 verborum,
1139 4213 1172 4264 nt
1194 4205 1265 4264 ordo

108 4309 259 4394 pedestris
283 4315 423 4372 sermonis
446 4313 498 4372 fiat
520 4314 643 4394 (12993
678 4317 756 4390 7033
790 4317 870 4391 9983
905 4316 1002 4388 11953
1038 4315 1118 4372 1315
1143 4311 1267 4391 aliisque

187 4533 214 4606 1)
234 4531 333 4603 hebra,
353 4533 398 4593 die
418 4536 652 4596 Pindarscholien.
691 4538 806 4612 Leipzig
827 4541 905 4596 1863.
942 4555 970 4610 p.
990 4539 1024 4594 44
1043 4544 1072 4594 et
1090 4539 1132 4593 45.
