3194 5200
874 413 915 482 42

320 587 415 674 locis).
460 591 508 654 Da
538 598 684 654 vetustate
714 601 811 656 autem
842 593 928 656 huius
958 594 1170 680 paraphraeaos
1200 617 1265 660 eum
1296 600 1472 680 quaerimus,

322 701 763 762 inuniversumhocdubium
786 723 928 764 essenon
951 713 1061 785 potest,
1093 707 1164 785 quin
1195 708 1254 766 iam
1286 709 1470 785 grammatici

322 807 518 868 Alexandrini
543 808 725 870 auditoribus
753 819 870 889 poetam
900 810 1026 892 aliquem
1056 814 1298 890 interpretantes,
1330 832 1366 872 ea
1396 815 1472 892 quac

323 913 361 973 ad
394 935 496 975 versus
529 923 633 995 poetae
668 914 856 995 explicandos
892 917 1083 991 contulerant,
1116 926 1263 997 postremo
1298 917 1471 998 paraphrasi

323 1020 438 1081 adiecta
468 1021 596 1082 breviter
627 1023 780 1102 complecti
812 1023 888 1082 soliti
923 1025 989 1083 sint.
1040 1025 1141 1103 Ipsum
1169 1027 1246 1082 enirn
1268 1023 1471 1084 Aristarchum

321 1129 365 1186 ita
386 1127 539 1188 facientem
561 1127 694 1188 videmus
717 1137 749 1188 ut
771 1127 807 1188 ad
832 1151 859 1188 v.
884 1125 912 1188 ‹l›
939 1125 1035 1209 1261?
1049 1125 1080 1211 ¹).
1127 1127 1185 1188 Sed
1216 1131 1307 1188 totius
1335 1131 1472 1188 carminis

322 1234 491 1313 paraphrasi
515 1237 567 1293 vix
590 1255 663 1314 opus
686 1243 755 1308 erat,
779 1242 830 1294 aut
852 1237 876 1294 si
900 1255 972 1314 opus
995 1243 1065 1309 erat,
1089 1256 1107 1293 a
1126 1237 1266 1313 magistro
1290 1237 1321 1294 in
1344 1237 1472 1294 carmina

324 1339 419 1398 verbis
441 1339 614 1420 explicando
637 1339 707 1398 addi
730 1348 852 1419 poterat,
879 1361 938 1400 non
961 1348 1022 1400 tota
1045 1343 1259 1400 commentariis
1282 1340 1470 1400 inserebatur.

322 1445 483 1505 Maximam
505 1449 596 1525 igitur
618 1455 729 1525 partem
752 1447 963 1526 paraphraseos
986 1449 1114 1527 antiquis
1136 1447 1255 1506 scholiis
1277 1450 1339 1506 iure
1354 1446 1470 1508 abiudi-

323 1549 453 1610 cabimus
484 1571 606 1631 eamque
635 1555 734 1631 potius
765 1551 895 1611 inferiori
928 1554 1032 1626 aetati,
1067 1555 1094 1612 ei
1116 1552 1240 1612 fortasse
1261 1553 1389 1627 homini,
1420 1556 1470 1632 qui

323 1665 426 1736 quarto
457 1657 518 1718 fere
548 1657 663 1716 saeculo
695 1657 868 1716 scholiorum
900 1678 1004 1736 eorpus
1036 1660 1214 1738 composuit,
1245 1657 1469 1720 vindicabimus,

322 1763 469 1845 Antiquos
491 1767 663 1844 interpretes
686 1767 728 1823 eis
751 1764 872 1823 fortasse
895 1764 966 1824 loeis
990 1763 1169 1842 adgnoscere
1191 1763 1339 1844 debemus,
1364 1765 1470 1845 quibus

323 1868 360 1930 de
388 1873 532 1930 sententia
560 1869 738 1949 disceptatur
769 1869 927 1950 eademque
949 1869 1039 1929 verba
1062 1873 1155 1952 variis
1176 1869 1271 1930 modis
1293 1873 1470 1930 circumscri-

323 1973 429 2033 buntur
460 1983 494 2033 ut
525 1973 563 2033 ad
586 1997 613 2033 v.
636 1976 748 2049 12463
775 1977 851 2050 2993
883 1976 967 2050 118,
993 1978 1049 2050 773
1075 1977 1152 2050 590,
1187 1976 1299 2035 [1186.
1352 1975 1470 2050 Contra,

326 2078 420 2138 sicubi
443 2078 564 2139 eandem
585 2079 788 2160 paraphrasim
812 2080 857 2140 bis
872 2083 1043 2156 invenimus,
1066 2087 1099 2140 ut
1121 2079 1160 2139 ad
1182 2101 1209 2139 v.
1225 2079 1241 2138 I
1257 2084 1337 2140 1016
1359 2081 1472 2140 multis-

324 2206 380 2266 que
403 2186 468 2244 aliis
490 2185 570 2261 locis,
593 2187 648 2246 hoo
668 2207 701 2248 eo
717 2187 888 2266 explicatur,
913 2186 990 2267 quod
1007 2186 1195 2267 paraphrasis
1210 2189 1344 2267 primitus
1358 2187 1472 2266 plenior

324 2295 355 2350 in
377 2295 509 2370 margine
531 2295 659 2372 ascripta
681 2294 799 2353 brevius
821 2292 928 2354 deinde
949 2296 1026 2354 inter
1048 2293 1141 2354 lineas
1163 2296 1288 2374 repetita
1311 2301 1363 2369 est,
1395 2312 1472 2373 quae

321 2399 438 2459 brevior
460 2401 593 2478 repetitio
618 2407 720 2479 postea
752 2402 821 2460 item
854 2401 885 2458 in
916 2402 1077 2477 marginem
1108 2399 1235 2459 devenit.
1281 2396 1377 2472 Quam
1408 2418 1470 2460 rem

323 2507 411 2566 ctiam
434 2525 511 2564 nunc
532 2505 678 2564 nonnullis
700 2504 773 2564 loeis
795 2508 825 2563 in
848 2504 967 2564 scholiis
991 2503 1145 2564 observare
1174 2525 1342 2583 possumus:
1374 2513 1406 2564 ut
1437 2507 1471 2563 in

324 2609 434 2670 scholio
458 2609 546 2670 adv.
570 2611 704 2685 11289,
735 2609 786 2670 ubi
809 2609 898 2670 verba
922 2608 937 2668 ὁ
962 2603 995 2669 δὲ
1017 2607 1121 2688 λόγος,
1154 2605 1271 2691 καθέζῃ
1302 2608 1342 2678 ὡς
1366 2603 1471 2692 ἔτυχες

324 2716 437 2800 ἥσυχος
460 2713 501 2796 (p.
519 2715 659 2794 381,16)
682 2716 872 2775 interlineas
893 2738 921 2795 p.
940 2717 1013 2789 381,
1026 2717 1066 2774 32
1091 2718 1215 2795 repetita
1225 2711 1256 2794 ¹),
1279 2722 1308 2774 et
1330 2717 1362 2774 in
1382 2715 1471 2774 schol.

322 2823 356 2882 Il
373 2825 444 2898 541,
475 2823 526 2882 ubi
558 2843 574 2883 e
604 2823 736 2900 longiore
768 2822 964 2902 explicatione
993 2823 1219 2900 comparationis
1247 2841 1342 2900 pauca
1363 2824 1472 2882 iterum

323 2931 420 2990 versui
455 2931 515 2996 542
546 2924 599 3009 (=
622 2949 650 3008 p.
674 2923 901 3010 ‹esaar-23)
933 2934 963 2986 et
993 2929 1092 2985 versui
1126 2929 1187 2986 544
1220 2923 1274 3008 (=
1299 2925 1473 3010 tauma)

323 3037 450 3114 ascripta
473 3042 547 3094 sunt.
594 3033 708 3093 Similia
730 3034 838 3113 ubique
859 3035 890 3092 iu
914 3031 1033 3094 scholiis
1055 3032 1134 3092 facta
1155 3053 1217 3094 esse
1232 3029 1372 3108 videmus,
1394 3052 1473 3112 quae

323 3140 411 3200 semel
433 3140 482 3200 hie
504 3159 741 3200 commemorasse
762 3142 834 3198 eatis
856 3141 902 3198 sit.

329 3277 331 3282 v
410 3245 484 3306 Cum
517 3246 690 3325 paraphrasi
723 3245 881 3324 explicatio
921 3241 1065 3324 quaedam
1103 3245 1294 3322 grammatica
1327 3246 1474 3306 artissime

324 3353 480 3411 coniuncta
502 3359 554 3412 est.
599 3349 753 3424 Quomodo
776 3351 832 3410 hoc
854 3351 962 3409 factum
985 3353 1032 3424 eit,
1056 3348 1114 3408 duo
1137 3349 1272 3428 exempla
1291 3358 1359 3410 ante
1373 3353 1474 3410 omnia

323 3456 471 3518 luculenta
494 3460 603 3538 optime
625 3456 881 3517 demonstrabunt:
904 3456 995 3516 schol.
1011 3456 1028 3516 1
1044 3458 1105 3516 445
1130 3454 1192 3516 ὧδε
1214 3454 1315 3525 κακοῖς
1340 3454 1474 3526 δεδαώςι

323 3559 377 3624 οὐκ
398 3561 433 3624 ἐκ
454 3566 513 3624 τῶν
535 3561 668 3625 καθόλου
692 3559 770 3624 ἀλλὰ
792 3562 852 3632 τοῖς
874 3557 942 3644 ἐμοὶ
966 3561 1131 3647 βλαβεροῖς.
1164 3557 1328 3646 ὑπέρβατον
1353 3559 1386 3622 δέ
1409 3559 1475 3624 ἐστι

321 3664 374 3730 καὶ
394 3665 551 3739 πλεονάζει
574 3668 589 3730 ὁ
612 3665 661 3732 καὶ
685 3667 864 3751 σύνδεσμος,
896 3664 993 3729 λείπει
1026 3663 1058 3729 δὲ
1085 3667 1104 3751 ἡ
1130 3665 1159 3736 ἐξ
1183 3665 1325 3752 πρόθεσις
1346 3664 1395 3732 καὶ
1418 3665 1474 3753 (q)

323 3777 434 3846 πτῶσις
456 3774 644 3858 ἐνήλλοκται,
668 3771 769 3859 γενικὴ
787 3770 852 3836 ἀντὶ
868 3773 994 3858 δοτικῆς,
1019 3769 1082 3836 ἔστι
1106 3769 1138 3835 δὲ
1161 3769 1211 3835 καὶ
1234 3772 1316 3858 ῥῆμα
1339 3775 1474 3836 συντελι-

396 3985 422 4051 1)
442 3981 483 4037 Cf.
504 3982 684 4053 Oxyryncbus
703 3982 771 4051 Pap.
791 3982 817 4036 ll
846 3998 872 4051 p.
893 3983 928 4036 60
956 3979 1007 4034 col.
1027 3979 1072 4034 1v.
1110 3979 1215 4036 Usener
1238 3978 1255 4034 l.
1276 3995 1300 4036 c.
1323 3996 1350 4050 p.
1372 3982 1423 4036 584
1444 3981 1475 4036 in

322 4072 470 4130 Ascholiie
490 4073 525 4127 ad
545 4073 567 4126 B
587 4074 639 4129 345
660 4073 789 4142 antiquae
809 4071 921 4128 scholae
940 4079 1048 4140 partem
1067 4087 1097 4127 se
1116 4070 1252 4126 invenisse
1271 4076 1352 4140 putat
1373 4070 1475 4140 ,Diese

321 4163 492 4233 unordmng
517 4163 565 4219 das
586 4163 805 4230 Lahrvortrages
833 4161 901 4230 liegt
926 4159 1048 4217 deutlich
1073 4176 1122 4215 vor
1148 4160 1177 4215 in
1202 4159 1289 4216 einem
1301 4159 1476 4218 dusschuitt

321 4255 560 4313 Aristarchiecher
579 4251 739 4308 Selrulhette
757 4251 809 4307 den
829 4251 960 4322 Didymus
980 4268 1012 4304 zu
1032 4250 1054 4304 B
1072 4252 1107 4304 45
1126 4249 1326 4318 aumewahrr,
1346 4249 1394 4306 sed
1414 4268 1476 4308 nas-

324 4346 367 4402 cio
388 4362 451 4401 num
472 4362 502 4401 re
521 4360 587 4399 vera
605 4343 674 4397 haec
693 4342 784 4397 omnia
803 4340 838 4395 ad
857 4340 1001 4412 Didymum
1021 4339 1143 4397 redeant.

395 4437 423 4508 2)
442 4435 548 4492 Keilius
567 4449 601 4489 ea
620 4431 739 4500 scholia,
764 4447 835 4502 quae
853 4432 926 4488 inter
945 4447 1040 4488 versus
1058 4431 1151 4502 posita
1170 4437 1234 4488 sunt
1252 4431 1281 4488 in
1299 4430 1359 4486 eod.
1378 4431 1476 4501 haur,

323 4527 465 4596 asterisco,
485 4541 554 4596 quae
573 4524 602 4580 in
621 4523 743 4592 margine
761 4523 902 4594 interiore,
920 4523 1067 4594 geminetis
1086 4521 1230 4580 asteriscis
1248 4521 1376 4593 signarit.
