3194 5200
682 402 702 467 e

120 587 294 653 scholiorum
311 584 466 649 ‘codicibus
486 582 591 648 nielius'
608 585 737 664 'coguitis
758 585 823 645 usui
847 584 900 646 vix
922 603 985 646 esse
999 589 1103 664 potest.
1132 579 1168 642 Id
1184 587 1260 643 certe

120 699 265 772 docemur,
298 717 362 757 cum
395 697 454 753 iam
487 693 567 754 locos
600 692 762 768 nonnullos,
799 691 904 773 quibus
938 691 1011 751 fides
1045 693 1260 770 auctoritasque

120 805 298 866 scholiorum
327 802 404 861 Flor.
436 809 466 861 et
494 799 562 860 Par.
595 801 738 880 praestari
768 799 893 873 videtur,
924 799 1052 878 prolerre
1083 797 1261 872 conabimur,

119 913 286 973 cautissime
306 907 392 968 nobis
415 905 561 984 agendum
584 926 654 981 csse,
683 927 721 965 ne
750 926 804 986 pro
831 925 903 965 vera
925 909 1103 985 antiquaque
1123 907 1264 964 memoria

119 1017 292 1090 habeamus,
325 1033 401 1095 quae
435 1013 554 1072 scholiis
583 1014 630 1074 Fl.
665 1021 694 1072 et
726 1013 793 1071 Par.
826 1012 863 1070 ab
897 1013 1105 1091 interpolatore
1137 1009 1263 1092 quodam

120 1123 222 1183 addita
236 1127 301 1182 sint.
332 1120 519 1180 Adiuvamur
535 1127 632 1178 autem
648 1119 686 1178 ad
708 1119 888 1197 singulorum
911 1118 1085 1178 scholiorum
1107 1121 1264 1195 genuinam

119 1229 243 1288 formam
274 1225 510 1304 investigandam
540 1229 795 1303 grammaticorum
827 1224 919 1298 libris,
952 1228 1003 1304 qui
1033 1223 1120 1282 modo
1152 1223 1264 1282 scholia

119 1338 343 1414 exscripserunt,
366 1331 453 1391 medo
475 1331 568 1392 isdem
590 1353 626 1390 ac
648 1331 758 1390 scholia
774 1331 915 1413 exemplis
931 1338 1059 1404 utuntur,
1081 1337 1149 1388 ante
1165 1331 1263 1387 omnia

120 1441 315 1522 etymologica
345 1459 460 1516 magno,
491 1441 574 1498 euius
605 1436 713 1498 codicis
735 1438 875 1526 Vaticani
898 1434 951 1518 (A)
975 1445 1004 1496 et
1026 1437 1190 1496 Florentini
1212 1431 1262 1512 (B)

27 1547 28 1550 ’
121 1545 297 1626 apographis
319 1547 349 1602 in
372 1545 428 1603 hac
459 1543 679 1624 quaestiuncula
710 1545 752 1602 uti
783 1563 836 1623 per
864 1559 1005 1602 summam
1036 1542 1108 1602 mihi
1131 1541 1264 1601 Reitzen-

121 1655 218 1712 steinii
240 1650 447 1710 liberalitatem
469 1650 561 1709 licuit.

206 1757 300 1818 Schel.
324 1755 405 1815 140.
430 1756 504 1814 Tria
527 1754 643 1835 oppida,
666 1775 742 1834 quae
763 1756 869 1814 Larisa
891 1754 1039 1834 appellata
1060 1761 1137 1827 sunt,
1160 1752 1263 1811 distin-

120 1871 264 1940 guuntur:
296 1863 421 1940 primum
443 1861 525 1939 Argi,
549 1860 628 1940 qnod
650 1868 714 1920 erut
734 1863 971 1934 vetustissimum,
994 1859 1117 1918 alterum
1140 1859 1265 1919 Thessa-

120 1970 187 2042 liae,
210 1966 289 2048 qued
308 1967 435 2026 Acrisius
458 1965 598 2039 condidit,
620 1969 737 2026 tertium
760 1965 896 2025 Troadis.
926 1966 973 2024 De
996 1966 1085 2024 altera
1108 1966 1210 2024 Larisa
1232 1967 1264 2023 in

118 2075 205 2134 Laur.
229 2075 333 2132 vitiose
364 2072 436 2132 haec
466 2071 633 2132 traduntur:
669 2069 793 2154 δευτέρα
826 2067 858 2131 δὲ
889 2071 908 2152 ἡ
942 2069 972 2131 ἐν
1004 2077 1047 2154 τῷ
1079 2068 1263 2152 Πελασγικῷ

119 2183 172 2260 τῆς
196 2175 373 2252 Θεσσαλίας,
397 2173 449 2236 καί
472 2174 589 2259 Λάρισα
609 2175 775 2260 Γυρτώνης,
800 2175 835 2258 ἧς
857 2178 907 2239 νῦν
931 2171 1124 2245 Ἀπολλώνιος
1149 2172 1264 2258 μέμνη-

119 2305 178 2362 ται,
210 2305 274 2344 cum
298 2283 386 2343 schol.
409 2283 487 2343 Flos.
519 2292 549 2344 et
578 2285 645 2343 Par.
676 2285 852 2364 praebeant:
886 2279 1260 2364 δεοτέρα...Θεσσαλίας.

119 2390 156 2472 ἣν
173 2379 312 2472 Ὅμηρος
335 2386 470 2473 <Β738>
493 2377 661 2473 ’Λργισσάν
691 2377 863 2472 (νΛργισσον
892 2387 991 2466 codd.)
1022 2411 1106 2471 φησι,
1139 2385 1264 2470 πλησίον

119 2500 172 2578 τῆς
203 2493 369 2578 Γυρτώνης,
400 2492 662 2578 ἧς...μέμνηται.
707 2497 791 2556 Haec
822 2518 840 2555 a
871 2499 1062 2573 grammatico
1095 2498 1263 2575 posterioris

119 2603 225 2660 aetatis
247 2605 357 2661 inserte
379 2621 440 2661 esse
463 2604 514 2660 vix
538 2601 804 2681 crederepossum,
826 2621 893 2660 nam
916 2601 1074 2675 Hellanici,
1097 2610 1130 2660 ut
1147 2601 1264 2660 videtur

118 2705 253 2766 doctrina
275 2715 318 2766 est
342 2706 388 2785 (cf.
410 2710 527 2766 initium
554 2707 657 2766 scholii
681 2702 813 2790 Λάρισαν
840 2703 894 2788 τὴν
917 2703 1083 2776 Θεσσαλίας
1114 2703 1196 2786 λέγει
1227 2704 1263 2785 ἢν

118 2807 231 2873 ἔκτισεν
255 2805 404 2896 Ἀκρίσιος,
431 2812 494 2894 ἥτις
518 2807 682 2894 ὠνομάσθη
712 2807 771 2873 ἀπὸ
794 2809 926 2895 Λαρίσης
948 2816 1001 2892 τῆς
1025 2809 1194 2892 Πελασγοῦ,
1222 2811 1263 2880 ὥς

119 2939 211 3000 φησιν
230 2908 431 2996 Ἑλλάνικος.)
459 2919 553 2978 simili
577 2917 698 2979 tortasse
720 2921 861 2979 memoria
882 2919 1055 2978 Erutathius
1077 2922 1190 2993 nititur,
1213 2920 1263 2997 qui

118 3023 156 3083 de
178 3023 301 3101 Argissa
325 3023 362 3082 ad
386 3045 413 3085 v.
437 3025 537 3084 B738
562 3022 602 3103 (p.
627 3026 765 3102 333,15)
787 3023 894 3084 tradit:
928 3023 1022 3085 κεῖται
1052 3020 1086 3084 δέ
1119 3045 1192 3106 φασι
1215 3017 1264 3082 ἐπὶ

119 3133 164 3211 τῷ
187 3123 317 3212 Πηνειῷ,
341 3127 495 3190 κτισθεῖσα
519 3123 574 3189 ὑπὸ
598 3131 657 3189 τῶν
681 3125 796 3190 παίδων
819 3125 980 3211 Λαρίσσης.
1015 3129 1147 3188 Larisam
1170 3147 1263 3208 prope

119 3232 285 3313 Gyrtonem
306 3236 393 3294 sitam
415 3237 503 3294 etiarn
527 3233 632 3294 Strabo
655 3234 715 3312 (IX
731 3255 757 3314 p.
776 3236 851 3312 443)
875 3221 1089 3294 commemorat.

206 3340 243 3398 In
266 3339 325 3398 ech.
348 3340 438 3400 1118
463 3339 500 3399 de
522 3339 707 3418 Melampode
738 3341 897 3402 nonnullae
930 3338 1084 3400 verborum
1115 3340 1263 3399 dissimili-

117 3443 236 3504 tudiues
258 3447 334 3504 inter
355 3445 381 3504 L
404 3453 434 3505 et
455 3446 509 3504 FP
530 3444 720 3505 intercedunt.
765 3447 843 3506 Nam
865 3449 897 3506 in
919 3447 1007 3506 schol.
1031 3447 1116 3505 Laur.
1140 3447 1263 3506 refertur

116 3549 332 3629 Melampodcm
355 3550 433 3630 apud
455 3550 671 3631 Polyphantam
695 3571 793 3630 regem
824 3553 893 3612 olim
923 3551 1107 3612 deversatum
1138 3571 1261 3629 anguem

118 3676 137 3714 a
166 3657 306 3716 ministris
324 3659 415 3734 ‘regis
445 3665 580 3716 necatum
612 3658 797 3738 sepelivisse:
833 3653 901 3742 βοάς
931 3652 965 3718 δὲ
995 3654 1077 3740 αὐτῷ
1101 3653 1151 3740 (sc.
1173 3657 1262 3736 Poly-

118 3759 235 3842 phanti)
259 3758 370 3843 τεθυμέ
455 3759 612 3844 δράκοντος
643 3759 861 3846 ἀνερπύσαντος
894 3757 976 3846 παρά
1007 3758 1039 3823 τὸ
1073 3760 1165 3842 θῦμα,
1199 3761 1262 3823 δια-

120 3863 243 3948 φθεῖραι
266 3861 354 3928 αὐτὸν
376 3887 444 3935 τους
475 3864 659 3949 θεράποντας
688 3870 740 3929 τοῦ
772 3865 936 3951 βασιλέως·
968 3869 1020 3929 τοῦ
1049 3862 1082 3927 δὲ
1115 3864 1261 3950 βασιλέως

25 3955 51 3973 ”
117 3969 341 4054 χαλεπήναντος
365 3967 556 4054 Μελάμποδα
584 3973 686 4058 λαβεῖν
715 3969 764 4035 καί
795 3971 901 4057 θάψαι,
932 3993 1007 4054 quae
1038 3972 1155 4054 quidem
1183 3975 1261 4032 sinri-

117 4076 186 4135 liter
213 4074 293 4156 apud
321 4075 531 4157 Apollodorum
562 4077 634 4138 196
667 4078 721 4158 (ed.
749 4079 869 4159 Wagn.)
902 4086 1064 4152 narrantur,
1095 4081 1150 4138 nisi
1183 4077 1261 4158 quod

117 4181 321 4264 Polyphantes
344 4190 373 4243 et
394 4183 568 4242 sacrificium
591 4184 629 4245 ab
651 4204 685 4244 eo
708 4185 819 4245 factum
841 4206 900 4245 non
923 4193 1189 4245 commemorentur.
1223 4184 1259 4242 In

118 4288 206 4349 schol.
221 4289 282 4349 FP.
296 4288 370 4364 haee
384 4289 490 4348 mirum
506 4291 537 4348 in
559 4289 676 4349 modum
700 4292 828 4352 confusis
850 4292 972 4353 subiecti
996 4299 1025 4351 et
1047 4291 1153 4351 obiecti
1176 4309 1259 4348 accu-

119 4397 222 4455 sativis
256 4393 417 4473 depravata
448 4403 529 4454 sunt:
569 4391 691 4464 θύοντος
726 4392 759 4456 δὲ
792 4394 906 4460 ἐκείνου
942 4393 1058 4480 δράκων
1093 4390 1258 4476 ἀνερπύσας

117 4496 271 4584 κατέφαγε
298 4494 347 4562 τὸν
378 4494 564 4582 θεράποντα·
595 4497 762 4585 ἀναιρεθείς
786 4499 820 4563 δὲ
842 4498 940 4586 ἐτάφη
964 4497 1021 4564 ὑπὸ
1045 4497 1257 4584 Μελάμποδος.
