3194 5200
891 463 928 529 26

332 636 386 726 τής
409 633 542 726 πρύμνης
566 689 572 702 .
592 687 620 704 ..
667 640 808 704 conferas
830 637 981 724 praeterea
994 639 1024 703 A
1039 623 1128 708 schol.
1152 632 1226 707 inO
1245 645 1306 706 717
1325 637 1365 699 2-ss
1381 625 1485 727 'Apoll

335 750 363 810 S.
386 753 436 823 49,
452 753 488 826 63
511 749 641 831 Hesych.
665 770 689 810 s.
712 772 740 810 v.
765 745 916 832 ἄφλαστον
942 775 982 803 =
1006 750 1087 811 Suid.
1133 751 1239 811 Totius
1262 760 1360 813 autem
1383 751 1486 834 ‹lispu-

334 859 453 916 tationis
476 865 577 916 auctor
599 859 661 916 siue
684 855 774 916 dubio
797 855 944 936 Didymus
967 865 1019 930 est,
1050 855 1087 916 ad
1112 877 1196 938 quem
1219 861 1326 934 omnia,
1351 858 1487 941 quaeda

335 961 391 1022 hac
414 982 487 1022 voce
509 965 541 1021 in
565 962 684 1022 scholiis
706 961 868 1042 lexicisque
890 961 1052 1038 traduntur,
1075 959 1242 1046 redeuut2).

388 1061 390 1065 ’
421 1068 633 1128 lucrementum
656 1068 831 1128 scholiorum
854 1071 942 1128 etiam
958 1087 995 1128 ex
1011 1076 1098 1148 etym.
1116 1089 1136 1128 s.
1153 1089 1180 1128 v.
1198 1064 1305 1138 στύπος
1328 1068 1375 1148 (σί.
1392 1075 1484 1148 etym.

333 1195 370 1232 m.
396 1175 468 1248 731,
481 1174 535 1253 45)
558 1194 771 1252 recuperamus.
816 1175 893 1232 Nam
916 1181 983 1254 post
1005 1174 1198 1254 veriloquium
1221 1173 1338 1235 aliunde
1358 1177 1486 1254 petitum

337 1289 366 1339 et
381 1280 585 1360 Lycophronis
608 1299 723 1339 versum
746 1279 868 1338 allatum
892 1300 929 1340 ex
951 1280 1071 1339 scholiis
1085 1279 1204 1360 Apolln.
1223 1279 1295 1341 haec
1317 1280 1485 1341 exscribun-

333 1393 395 1444 tur:
431 1379 523 1458 ,ἄστυ
555 1405 588 1444 τε
620 1379 668 1444 καὶ
700 1381 801 1446 πεδίον
825 1380 964 1466 Νηπήϊον
988 1379 1176 1469 Ἀδρηστείης
1282 1381 1482 1469 γεράνδρυονι

334 1490 373 1568 (v.
396 1487 692 1570 11116—1118)²)
716 1488 853 1573 σχόλιον·
877 1487 979 1551 πεδίον
1001 1485 1067 1573 περὶ
1091 1483 1169 1572 (περὶ
1192 1511 1247 1550 om.
1267 1493 1298 1549 in
1314 1497 1401 1571 etym.
1417 1491 1484 1569 g'en·

327 1593 401 1654 add.
433 1593 536 1679 schol.)
568 1590 698 1664 Κύζικον
733 1590 809 1677 ἱερὸν
840 1599 893 1678 τῆς
926 1591 1097 1678 Νεμέσεως.
1155 1591 1281 1678 Νηπηίη
1315 1590 1348 1656 δέ
1378 1595 1398 1678 ἡ
1429 1593 1485 1657 νέοι

334 1703 502 1782 ποιητικῶς.
536 1697 598 1762 ἔστι
624 1696 676 1762 καὶ
705 1699 788 1770 πόλις
814 1697 932 1770 Μυσίας
956 1695 1129 1784 Ἀδρήστεια
1160 1697 1218 1763 ἀπὸ
1242 1695 1401 1784 Ἀδράστου
1429 1702 1483 1762 τοῦ

271 1857 276 1868 ,
336 1804 541 1890 ἱδρυσαμένου,
566 1807 668 1886 (verba
682 1800 959 1890 ἔστε-Ἀδρήστεια
982 1816 1048 1887 post
1071 1803 1372 1890 ἀπό-ἱδρυσαμένου
1395 1807 1484 1867 collo-

333 1921 400 1972 cata
422 1917 542 1972 suntin
565 1912 641 1993 cod.)
674 1913 781 1982 στύπος
813 1909 947 1994 ἀμπέλου
978 1911 1111 1974 καλεῖται
1140 1908 1173 1972 τὸ
1197 1909 1324 1996 πρέμνον
1347 1914 1399 1973 τοῦ
1422 1911 1484 1994 άμ-

332 2015 424 2078 πέλου
455 2014 510 2100 ἀφ’
543 2015 577 2079 ού
601 2011 771 2101 Ἀρχίλοχος
804 2013 919 2100 ,ὀρέων
950 2015 1188 2086 ἀπεστύπαζονιί.
1224 2019 1281 2079 πᾶν
1305 2013 1338 2078 δέ
1362 2015 1483 2100 δένδρον

335 2119 461 2206 σκληρὸν
485 2119 535 2184 καί
558 2118 676 2206 στερεὸν
699 2119 806 2192 στύπος
830 2120 955 2204 λέγεται.
986 2125 1006 2206 ή
1030 2119 1062 2184 τό
1085 2119 1222 2185 ταπεινόν
1245 2118 1326 2206 παρά
1346 2121 1379 2184 τό
1396 2119 1483 2206 στρέ-

334 2227 447 2311 φεσθαι
477 2227 508 2290 ἐν
540 2225 703 2312 συμφύτοις
735 2228 843 2298 τόποις.
888 2225 1068 2312 γεράνδρυον
1101 2224 1135 2290 δέ
1166 2225 1199 2290 τό
1231 2225 1397 2312 γεγηρακὸς
1431 2223 1484 2289 καί

333 2329 459 2395 παλαιὸν
494 2331 624 2417 δένδρον.
662 2335 682 2416 ἢ
713 2329 746 2394 τό
777 2332 808 2395 έν
837 2333 873 2417 τῇ
909 2331 975 2417 ρίζη
1010 2331 1200 2416 ἐξηραμένον.
1258 2333 1362 2414 Campi
1391 2337 1484 2412 igitur

333 2459 439 2499 nomen
461 2435 561 2499 πεδίον
583 2435 731 2520 Νηπήϊον,
755 2438 792 2499 de
815 2461 872 2521 quo
894 2441 925 2500 in
948 2439 1066 2499 scholiis
1088 2437 1256 2498 doctissima
1279 2440 1483 2499 commentatio

334 2553 447 2617 exstat,
469 2544 598 2604 hicnon
620 2547 662 2604 ita
685 2553 768 2605 acute
791 2568 808 2604 a
831 2549 936 2624 stirpe,
960 2564 1035 2624 quae
1057 2547 1123 2605 voci
1146 2542 1249 2625 νήπιος
1271 2543 1384 2619 subest,
1408 2544 1483 2604 deri-

333 2659 428 2710 vatur.
451 2650 550 2710 Verba
573 2658 669 2711 autem
692 2651 899 2732 subsequentis
921 2653 952 2710 in
975 2651 1095 2710 scholiis
1118 2653 1225 2710 omissa
1249 2645 1307 2710 άπὸ
1322 2644 1481 2733 Ἀδράστου

333 2775 371 2815 ex
392 2765 479 2836 etym.
503 2756 666 2837 supplenda
688 2766 763 2816 sunt.
809 2757 868 2816 Sed
899 2776 936 2816 ne
967 2777 1044 2815 nunc
1067 2755 1185 2836 quidem
1208 2759 1355 2815 sententia
1377 2755 1483 2814 scholii

327 2865 448 2940 integra
478 2881 542 2922 esse
572 2861 696 2922 videtur.
753 2860 935 2922 Offendimus
967 2864 1045 2920 enim
1076 2864 1108 2919 in
1141 2860 1240 2920 verbis
1272 2856 1333 2922 ἔστι
1366 2854 1398 2919 δὲ
1432 2855 1484 2920 καί

333 2965 416 3036 πόλις
440 2962 559 3036 Μυσίας
584 2960 773 3048 Ἀδρήστεια,
805 2965 855 3024 ubi
887 2959 937 3024 καί
967 2963 1043 3023 illud
1074 2965 1204 3042 intellegi
1227 2985 1285 3024 non
1307 2972 1403 3045 potest
1424 2966 1483 3023 nisi

333 3072 391 3131 alio
414 3071 543 3132 eiusdem
565 3075 692 3132 nominis
713 3072 777 3130 loco
800 3078 886 3130 autea
909 3069 1064 3148 appellato.
1111 3069 1191 3146 Ergo
1213 3068 1321 3128 collato
1338 3067 1484 3128 Strabone

332 3177 373 3257 (p.
399 3179 474 3256 588)
496 3187 525 3238 et
548 3178 648 3257 Steph.
671 3178 743 3256 Byz.
766 3197 787 3235 s.
811 3198 838 3235 ν.
863 3168 1050 3257 Ἀδράστειαι
1083 3172 1217 3235 ἐκαλεῖτο
1247 3169 1281 3234 δὲ
1313 3169 1361 3234 καὶ
1393 3171 1484 3256 χώρα

332 3277 503 3364 Ἀδράστεια
533 3279 583 3345 καὶ
607 3278 794 3366 Ἀδραστείας
826 3277 927 3343 πεδίον
959 3276 1008 3343 καὶ
1039 3281 1059 3364 ή
1083 3279 1166 3350 πόλις
1194 3277 1305 3357 οὕτως,
1338 3283 1426 3340 etiam
1449 3282 1483 3338 in

334 3389 424 3452 schol.
447 3389 554 3469 Apoln.
583 3385 645 3450 ἔστι
669 3386 701 3450 δέ
724 3384 790 3472 <καὶ
812 3384 915 3472 χώρα)
938 3382 987 3448 καὶ
1010 3385 1093 3457 πόλις
1117 3383 1284 3468 καλουμένη
1310 3379 1483 3468 Ἀδρήστεια

328 3491 393 3556 olith
416 3487 617 3580 <’Ἀδράστου>
640 3497 691 3556 τοῦ
717 3491 913 3578 ἱδρυσαμένου
937 3493 1124 3554 scribendum
1153 3511 1215 3553 esse
1238 3511 1347 3552 censeo.
1392 3492 1483 3550 Prae

332 3611 412 3662 terea
435 3611 532 3662 autem
554 3601 722 3661 Archilochi
747 3622 848 3661 versus
871 3621 908 3662 ex
930 3602 986 3660 hoc
1010 3608 1096 3680 etym.
1120 3599 1199 3674 loco,
1226 3606 1260 3658 ut
1282 3601 1341 3656 iam
1364 3597 1484 3656 Keilius

332 3707 411 3782 fecit,
434 3716 462 3767 et
484 3707 574 3766 verba
596 3708 654 3768 πᾶν
679 3701 711 3766 δέ
735 3703 1080 3789 δένδρον-ἐίηραμένον
1103 3703 1221 3764 scholiis
1236 3700 1390 3762 inserenda
1406 3709 1483 3761 sunt·

419 3811 470 3872 Ad
492 3834 518 3871 v.
542 3813 658 3872 11196
682 3815 713 3872 in
736 3820 822 3893 etym.
846 3834 873 3890 g.
897 3835 918 3873 s.
941 3834 968 3872 v.
993 3809 1120 3895 ῥόπαλον
1151 3810 1197 3891 (cf.
1221 3817 1258 3870 et.
1280 3830 1318 3868 m.
1344 3810 1416 3882 705,
1430 3807 1483 3886 23)

332 3921 500 3998 praemissis
530 3919 726 3998 compluribus
755 3921 837 3978 vocis
868 3919 1053 4000 veriloquis,
1085 3937 1208 3998 quorum
1237 3935 1328 3975 unum
1357 3916 1428 3974 item
1449 3916 1483 3972 in

333 4023 452 4084 scholiis
481 4023 634 4099 habemus,
665 4024 738 4085 haec
769 4023 861 4085 verba
891 4045 956 4084 cum
983 4023 1100 4083 scholiis
1123 4022 1210 4108 editis
1232 4040 1291 4079 non
1315 4037 1484 4097 congruae

334 4127 435 4188 codice
458 4149 510 4188 suo
534 4129 717 4210 etymologiis
740 4133 911 4212 exscripsit:
937 4124 1009 4211 ,τήν
1034 4126 1052 4188 ό
1072 4147 1107 4208 γε
1129 4123 1313 4212 χαλκοβαρεῖ
1335 4119 1479 4209 ροκάλιμιι

407 4383 434 4454 1)
453 4381 490 4436 Μ.
510 4381 647 4452 Schmidt,
676 4382 783 4455 Didym.
810 4400 835 4453 p.
856 4385 904 4453 783
939 4378 1086 4448 Schwabe,
1115 4378 1243 4450 Dionysii
1270 4382 1300 4435 ct
1327 4375 1484 4433 Pausaniae

334 4471 563 4632 frmmplumchii.
583 4562 613 4617 Β.
633 4516 657 4618 ν.
678 4565 748 4618 1118
768 4538 796 4620 et
815 4560 887 4633 quod
907 4561 1030 4633 sequitur
1049 4559 1182 4617 scholium
1201 4556 1288 4615 deest.
1361 4607 1366 4612 .
1389 4602 1392 4611 .
