3194 5200
840 407 878 472 52

291 600 347 671 ριοι
370 578 514 668 λέγουσιν,
539 580 580 656 ὥς
605 609 679 670 φησι
702 580 867 668 Ζηνόδοτος
890 583 921 646 ἐν
941 579 1104 654 Γλώσσαις.
1136 573 1303 668 Κυρηναῖοι
1327 577 1359 648 δὲ
1382 576 1436 670 τὴν

287 691 405 777 χέρσον,
439 693 504 753 Soh.
521 694 554 752 II
567 671 628 752 213
651 688 815 775 χραίσμετέ
832 713 898 773 μοιι
922 686 1063 772 βοηθεῖτέ
1080 686 1187 772 μοι.το
1204 686 1261 773 γὰρ
1278 693 1434 776 χραισμεῖν

287 796 407 878 λέγουσι
430 792 597 880 Κλειτόριοι
620 793 653 858 τὸ
677 795 824 880 ἐπαρκεῖν.

374 903 439 963 Sch.
463 903 495 962 ΙΙ
512 907 603 963 1172.
649 903 797 963 Scholium
829 901 908 982 qnod
938 905 968 960 in
997 900 1150 961 codicibus
1164 897 1203 961 ¹in
1227 902 1344 962 brevius
1366 923 1434 963 con-

287 1018 410 1068 tractum
433 1009 558 1068 traditur
580 1008 687 1068 collato
710 1016 800 1088 etym.
823 1027 888 1084 gen.
912 1003 961 1090 (cf.
984 1005 1090 1066 Miller.
1114 1028 1141 1086 p.
1167 1005 1243 1085 270)
1272 1008 1327 1067 hoc
1348 1009 1434 1068 modo

287 1103 498 1175 restituendum
523 1123 582 1174 est:
607 1111 734 1174 στιάωνι
758 1111 835 1174 στῖαι
859 1111 889 1175 αἱ
912 1116 1009 1194 ψῆφοι
1025 1109 1107 1195 παρὰ
1123 1110 1291 1183 Σικνωνίοις
1306 1113 1434 1175 καλοῦν-

1313 1221 1327 1239 *i

287 1243 344 1282 ται.
377 1220 396 1302 ἡ
422 1217 537 1303 ἐσχάρα
561 1217 611 1281 οὖν
634 1215 685 1281 ναὶ
708 1218 723 1280 ὁ
748 1214 848 1304 βωμὸς
872 1216 906 1278 ἐτι
928 1217 1038 1301 ψήφων
1062 1219 1288 1280 κατεσκεύαστο.
1311 1243 1331 1302 η
1356 1220 1433 1282 στῖαι

288 1325 318 1387 αἱ
341 1329 438 1411 ψῆφοι
461 1321 575 1406 [καὶΓγ
600 1324 630 1388 αἱ
653 1325 802 1407 ποτάμιοι,
827 1323 854 1386 οἱ
877 1326 929 1386 νῦν
953 1323 1098 1408 κόχλακες
1121 1323 1285 1407 λεγόμενοι.
1320 1321 1435 1387 Καλλί-

289 1454 385 1515 μαχος
412 1429 586 1506 ‚naitono
609 1453 640 1492 τε
664 1427 849 1514 Μετώπην“.
894 1429 944 1490 Ad
974 1430 1051 1490 idem
1080 1450 1173 1509 genus
1201 1431 1434 1514 fortasse'etiam

287 1538 376 1598 schol.
408 1541 440 1596 in
471 1560 497 1596 v.
527 1538 560 1597 II
573 1540 635 1596 434
669 1537 706 1596 de
737 1559 764 1596 v.
800 1533 916 1619 ἐρίπναι
947 1539 1086 1614 pertinet,
1119 1537 1170 1596 ubi
1204 1535 1435 1621 γλωσσόγραφοι

287 1652 552 1704 commemorantur.
605 1644 730 1702 Maximi
763 1651 861 1702 autem
893 1645 1013 1701 interest
1046 1645 1134 1702 etiam
1167 1642 1309 1702 scholium
1341 1646 1373 1702 in
1404 1665 1434 1704 v.

286 1751 402 1808 11299
436 1752 594 1829 inspicere:
629 1749 739 1831 λαῖτμα
772 1744 805 1808 δὲ
837 1743 870 1808 τὸ
901 1745 987 1817 κύτος
1019 1751 1071 1828 τῆς
1104 1743 1260 1831 θαλάσσης
1288 1743 1338 1810 καὶ
1368 1744 1434 1809 διά-

289 1877 396 1937 στημα,
431 1851 519 1916 οἱονεὶ
550 1851 714 1937 λαίτμημα,
747 1848 872 1937 hurupel
895 1849 928 1914 τὸ
951 1850 1153 1915 λατύσσεσθαι
1177 1849 1233 1914 ὑπὸ
1256 1857 1315 1915 τῶν
1338 1851 1435 1936 κομά-

287 1981 356 2036 των,
382 1958 400 2019 ὅ
422 1957 484 2020 ἐστι
506 1958 678 2020 τύπτεσθαι.
706 1955 830 2042 Σιληνὸς
855 1955 887 2020 δὲ
910 1957 941 2020 ἐν
959 1955 1112 2028 Γλώσσαις
1136 1957 1264 2040 πέλαγος
1288 1954 1435 2022 εἶναικαὶ

289 2061 446 2149 Εἰρηναῖος
470 2065 500 2127 ἐν
520 2051 753 2128 οἌπολλωνίοο
777 2064 1013 2128 ἀποδεδώκασιν.
1046 2065 1093 2125 De
1115 2065 1279 2145 veriloquio
1301 2068 1381 2125 vocis
1403 2069 1435 2124 in

287 2173 372 2230 initio
404 2172 507 2231 scholii
539 2172 653 2252 prolato
686 2173 723 2231 cf.
756 2180 844 2250 etym.
875 2192 912 2230 m.
945 2173 1015 2245 558,
1028 2173 1076 2230 51.
1122 2170 1238 2230 Silenus
1261 2177 1358 2230 autem
1379 2170 1435 2229 fuit

287 2277 517 2357 glossographus
540 2280 678 2356 antiquus
702 2280 781 2337 tertii
806 2271 1094 2355 fortassesaecu152).
1125 2276 1208 2350 Quas
1224 2276 1335 2336 scholia
1348 2279 1435 2336 inter·

287 2393 398 2462 protem
412 2384 573 2464 Apollonii,
597 2386 730 2463 quisquis
746 2386 772 2442 is
787 2392 857 2458 erat,
880 2403 916 2442 ex
932 2386 1005 2462 ipsis
1022 2383 1297 2463 glossographorum
1318 2384 1435 2442 illorum

292 2491 409 2568 scriptis
432 2489 488 2547 sibi
512 2492 691 2568 excerpsisse
712 2488 791 2547 haud
815 2491 858 2548 ita
881 2490 1039 2548 verisimile
1062 2497 1112 2563 est,
1136 2509 1200 2548 cum
1218 2509 1255 2548 ne
1270 2493 1436 2569 antiquissi-

288 2615 368 2652 mum
391 2593 517 2673 quidem,
541 2595 627 2674 quem
650 2596 793 2667 novimus,
815 2597 1012 2674 interpretem,
1034 2594 1186 2654 'Pheonem
1209 2594 1284 2670 dico,
1306 2595 1434 2672 Augusti

288 2701 459 2780 Tiberiique
481 2701 543 2760 fere
566 2702 725 2781 aequalem,
757 2701 811 2760 hos
844 2709 905 2760 tam
936 2703 1072 2780 antiquos
1103 2703 1309 2778 grammaticos
1339 2704 1435 2780 ipsum

288 2805 382 2865 adisse
407 2806 494 2866 facile
517 2805 596 2866 credi
618 2809 718 2886 possit.
765 2807 870 2886 Neque
901 2809 992 2884 igitur
1022 2805 1059 2866 de
1090 2807 1136 2865 his
1166 2807 1293 2882 scholiis,
1324 2811 1396 2887 quin
1420 2827 1436 2866 e

287 2910 383 2972 lexico
408 2912 506 2991 aliquo
531 2921 647 2992 sumpta
670 2915 736 2987 sint,
759 2911 869 2972 dubito.

374 3019 431 3076 Est
453 3027 549 3078 autem
568 3019 629 3076 alia
651 3017 753 3077 classis
769 3017 954 3093 scholiorum,
977 3021 1008 3077 in
1024 3039 1081 3098 qua
1096 3019 1229 3096 singulae
1244 3037 1330 3078 voces
1345 3017 1436 3078 Calli-

287 3125 383 3184 machi
399 3123 500 3182 addito
515 3143 601 3184 versu
616 3124 826 3203 explanantur:
850 3124 1044 3184 acholitus
1063 3122 1200 3206 ψιτνοῖσιε
1226 3123 1333 3207 ρυσοῖς.
1357 3123 1376 3206 ἡ
1401 3120 1436 3184 δὲ

288 3227 363 3298 λέξις
387 3224 467 3311 παρὰ
491 3225 681 3312 Καλλιμάχῳ
707 3224 774 3304 „vul
799 3224 840 3310 μὰ
868 3225 901 3289 τὸ
933 3224 1027 3311 ρικνὸν
1061 3231 1160 3313 σῦφαρ
1190 3227 1293 3312 ἐμόνιι.
1339 3230 1434 3292 Schol.

288 3335 407 3394 11008
440 3330 568 3415 (δύπτω)
598 3334 647 3393 ubi
678 3343 794 3415 praeter
823 3334 1036 3394 Callimachum
1065 3335 1258 3394 Antimachus
1287 3335 1434 3395 laudatur.

288 3442 353 3500 sch.
370 3441 385 3498 Ι
400 3443 482 3500 1297
506 3440 543 3499 de
566 3463 595 3499 v.
619 3437 771 3521 ὄστλιγγες
788 3441 839 3500 ubi
856 3440 1030 3500 Callimachi
1046 3461 1150 3501 nomen
1167 3445 1321 3502 restituere
1335 3461 1436 3522 possu-

287 3567 351 3606 mus
372 3545 531 3606 secundum
554 3545 654 3606 Orion.
677 3569 705 3627 p.
731 3551 801 3621 116,
814 3550 869 3605 29:
900 3542 1051 3627 ὄστλιγγες
1076 3545 1106 3607 αἱ
1136 3543 1243 3630 τρίχες.
1276 3541 1436 3628 Καλλίμα-

286 3673 340 3735 χος
364 3650 394 3713 ἐν
425 3656 445 3713 ᾶ
469 3646 581 3712 Αἰτιῶν
613 3647 694 3726 ,αἰὲν
728 3647 839 3735 ἄλειψα
872 3649 970 3734 ψέει“;
1003 3652 1133 3712 conferas
1164 3660 1316 3732 praeterea
1348 3650 1435 3727 schol,

286 3757 351 3818 Nic.
369 3758 416 3817 Al.
435 3761 497 3817 470
523 3753 679 3839 ὄστλιγγας
703 3752 737 3818 δὲ
759 3755 840 3838 λέγει
863 3752 930 3827 τοὺς
955 3755 1130 3842 βόστρυχος.
1171 3756 1333 3818 Herodiani
1355 3759 1435 3815 testi-

285 3868 415 3924 monium
438 3867 469 3922 in
492 3864 602 3924 scholio
617 3864 725 3945 Apoln.
749 3873 853 3945 postea
877 3864 1009 3923 additum
1025 3883 1087 3924 esse
1102 3871 1207 3943 potest.
1240 3863 1304 3922 Sch.
1321 3863 1338 3921 Ι
1353 3864 1434 3921 1243

287 3969 358 4053 (trip
382 3995 422 4022 =
446 3968 544 4054 λέων).
569 3970 634 4030 Sch.
649 3971 794 4031 1111150
819 3967 1068 4054 (περιπλομένας).
1098 3969 1165 4030 sch.
1185 3969 1331 4028 1111226
1356 3965 1437 4046 (οώ-

289 4075 340 4160 ρηὶ
365 4072 504 4157 στάδιος).
543 4076 607 4136 seh.
631 4077 782 4137 1111323
807 4072 948 4156 (ἄκαινα),
986 4076 1051 4136 Sch.
1075 4075 1121 4136 IV
1138 4078 1198 4135 983
1225 4072 1436 4158 (ἀμφιλαφής).

290 4239 497 4249 ——-——-.

359 4334 387 4402 l)
406 4330 467 4386 Del.
486 4327 623 4386 Millerus.

358 4421 387 4490 2)
407 4419 447 4475 of.
467 4419 552 4488 Cohn,
575 4418 672 4476 Gosch.
692 4415 717 4474 d.
738 4417 841 4489 grieoh.
862 4416 1085 4488 Lsxikogrophie
1103 4415 1132 4472 iu
1152 4413 1244 4472 Caroli
1263 4413 1437 4484 Brugmonni

286 4512 405 4569 Gramm.
424 4524 535 4581 graeca.
