<?xml version="1.0" encoding="UTF-8"?>
<!DOCTYPE html PUBLIC "-//W3C//DTD XHTML 1.0 Transitional//EN"
    "http://www.w3.org/TR/xhtml1/DTD/xhtml1-transitional.dtd">
<html xmlns="http://www.w3.org/1999/xhtml" xml:lang="en" lang="en">
 <head>
  <title>
</title>
<meta http-equiv="Content-Type" content="text/html;charset=utf-8" />
  <meta name='ocr-system' content='tesseract 3.04.00' />
  <meta name='ocr-capabilities' content='ocr_page ocr_carea ocr_par ocr_line ocrx_word'/>
</head>
<body>
  <div class='ocr_page' id='page_1' title='image "./descholiisinapo00deicgoog_0037.png"; bbox 0 0 3194 5200; ppageno 0'>
   <div class='ocr_carea' id='block_1_1' title="bbox 878 361 919 436">
    <p class='ocr_par' dir='ltr' id='par_1_1' title="bbox 878 361 919 436">
     <span class='ocr_line' id='line_1_1' title="bbox 878 361 919 436; baseline -0.024 0"><span class='ocrx_word' id='word_1_1' title='bbox 878 361 919 436; x_wconf 74' lang='lat' dir='ltr'>tl</span> 
     </span>
    </p>
   </div>
   <div class='ocr_carea' id='block_1_2' title="bbox 323 532 1474 1896">
    <p class='ocr_par' dir='ltr' id='par_1_2' title="bbox 323 532 1474 1367">
     <span class='ocr_line' id='line_1_2' title="bbox 329 532 1473 631; baseline -0.001 -22"><span class='ocrx_word' id='word_1_2' title='bbox 329 539 426 630; x_wconf 76' lang='grc' dir='ltr'>μόνες.</span> <span class='ocrx_word' id='word_1_3' title='bbox 460 536 509 608; x_wconf 71' lang='grc' dir='ltr'>διὰ</span> <span class='ocrx_word' id='word_1_4' title='bbox 531 541 564 607; x_wconf 84' lang='grc' dir='ltr'>τό</span> <span class='ocrx_word' id='word_1_5' title='bbox 588 537 685 607; x_wconf 78' lang='grc' dir='ltr'>ἐκεῖσε</span> <span class='ocrx_word' id='word_1_6' title='bbox 708 539 886 629; x_wconf 79' lang='grc' dir='ltr'>Ἀθάμαντα</span> <span class='ocrx_word' id='word_1_7' title='bbox 909 545 1081 610; x_wconf 78' lang='grc' dir='ltr'>πλανᾶσθαι</span> <span class='ocrx_word' id='word_1_8' title='bbox 1105 535 1180 631; x_wconf 86' lang='grc' dir='ltr'>μετόι</span> <span class='ocrx_word' id='word_1_9' title='bbox 1202 535 1235 608; x_wconf 80' lang='grc' dir='ltr'>τί</span> <span class='ocrx_word' id='word_1_10' title='bbox 1260 539 1403 631; x_wconf 67' lang='grc' dir='ltr'>φονεῦσαι</span> <span class='ocrx_word' id='word_1_11' title='bbox 1425 532 1473 609; x_wconf 82' lang='grc' dir='ltr'>τόν</span> 
     </span>
     <span class='ocr_line' id='line_1_3' title="bbox 325 642 1474 736; baseline 0 -24"><span class='ocrx_word' id='word_1_12' title='bbox 325 645 399 714; x_wconf 81' lang='grc' dir='ltr'>ἴδιον</span> <span class='ocrx_word' id='word_1_13' title='bbox 423 647 486 713; x_wconf 73' lang='lat' dir='ltr'>sidu</span> <span class='ocrx_word' id='word_1_14' title='bbox 509 647 647 734; x_wconf 83' lang='grc' dir='ltr'>Λέαρχον</span> <span class='ocrx_word' id='word_1_15' title='bbox 671 645 845 734; x_wconf 79' lang='grc' dir='ltr'><strong>(Κλέαρχον</strong></span> <span class='ocrx_word' id='word_1_16' title='bbox 872 652 969 729; x_wconf 84' lang='lat' dir='ltr'>codd.)</span> <span class='ocrx_word' id='word_1_17' title='bbox 1001 650 1085 736; x_wconf 82' lang='grc' dir='ltr'>χόλῳ</span> <span class='ocrx_word' id='word_1_18' title='bbox 1117 656 1170 735; x_wconf 81' lang='grc' dir='ltr'>τῆς</span> <span class='ocrx_word' id='word_1_19' title='bbox 1194 642 1298 735; x_wconf 85' lang='grc' dir='ltr'>Ἥρας</span> <span class='ocrx_word' id='word_1_20' title='bbox 1330 649 1375 713; x_wconf 84' lang='grc' dir='ltr'>ὅτι</span> <span class='ocrx_word' id='word_1_21' title='bbox 1403 647 1474 713; x_wconf 80' lang='grc' dir='ltr'>ἀνέ-</span> 
     </span>
     <span class='ocr_line' id='line_1_4' title="bbox 327 753 1473 844; baseline 0 -26"><span class='ocrx_word' id='word_1_22' title='bbox 327 757 423 842; x_wconf 79' lang='grc' dir='ltr'>θρεψε</span> <span class='ocrx_word' id='word_1_23' title='bbox 450 754 499 818; x_wconf 84' lang='grc' dir='ltr'>τὸν</span> <span class='ocrx_word' id='word_1_24' title='bbox 524 755 677 818; x_wconf 86' lang='grc' dir='ltr'>Διόνυσον.</span> <span class='ocrx_word' id='word_1_25' title='bbox 709 755 867 844; x_wconf 79' lang='grc' dir='ltr'>ἐφόνευσεν</span> <span class='ocrx_word' id='word_1_26' title='bbox 892 753 924 818; x_wconf 83' lang='grc' dir='ltr'>δὲ</span> <span class='ocrx_word' id='word_1_27' title='bbox 948 754 1035 820; x_wconf 84' lang='grc' dir='ltr'>αὐτὸν</span> <span class='ocrx_word' id='word_1_28' title='bbox 1060 753 1159 841; x_wconf 81' lang='grc' dir='ltr'>μανείς</span> <span class='ocrx_word' id='word_1_29' title='bbox 1184 756 1225 828; x_wconf 86' lang='grc' dir='ltr'>είς</span> <span class='ocrx_word' id='word_1_30' title='bbox 1250 755 1348 841; x_wconf 78' lang='grc' dir='ltr'>θήραν</span> <span class='ocrx_word' id='word_1_31' title='bbox 1372 755 1473 841; x_wconf 80' lang='grc' dir='ltr'>δόρατι</span> 
     </span>
     <span class='ocr_line' id='line_1_5' title="bbox 324 857 1473 948; baseline -0.002 -23"><span class='ocrx_word' id='word_1_32' title='bbox 324 860 447 946; x_wconf 75' lang='grc' dir='ltr'>νομίσας</span> <span class='ocrx_word' id='word_1_33' title='bbox 480 859 592 945; x_wconf 82' lang='grc' dir='ltr'>ἔλαφον</span> <span class='ocrx_word' id='word_1_34' title='bbox 626 857 710 940; x_wconf 80' lang='grc' dir='ltr'>εἶναι,</span> <span class='ocrx_word' id='word_1_35' title='bbox 744 861 814 924; x_wconf 74' lang='grc' dir='ltr'>ὅθεν</span> <span class='ocrx_word' id='word_1_36' title='bbox 846 858 895 924; x_wconf 90' lang='grc' dir='ltr'>καί</span> <span class='ocrx_word' id='word_1_37' title='bbox 928 867 981 946; x_wconf 76' lang='grc' dir='ltr'>τῆς</span> <span class='ocrx_word' id='word_1_38' title='bbox 1015 861 1166 948; x_wconf 80' lang='grc' dir='ltr'>βασιλείας</span> <span class='ocrx_word' id='word_1_39' title='bbox 1196 861 1316 933; x_wconf 77' lang='grc' dir='ltr'>ἐξέπεσε</span> <span class='ocrx_word' id='word_1_40' title='bbox 1347 857 1397 924; x_wconf 83' lang='grc' dir='ltr'>καί</span> <span class='ocrx_word' id='word_1_41' title='bbox 1421 866 1473 945; x_wconf 82' lang='grc' dir='ltr'>τῆς</span> 
     </span>
     <span class='ocr_line' id='line_1_6' title="bbox 325 959 1473 1053; baseline -0.002 -23"><span class='ocrx_word' id='word_1_42' title='bbox 325 959 416 1038; x_wconf 82' lang='grc' dir='ltr'>Ἰνοῦς</span> <span class='ocrx_word' id='word_1_43' title='bbox 452 973 505 1050; x_wconf 79' lang='grc' dir='ltr'>τῆς</span> <span class='ocrx_word' id='word_1_44' title='bbox 538 963 675 1049; x_wconf 80' lang='grc' dir='ltr'>γυναικὸς</span> <span class='ocrx_word' id='word_1_45' title='bbox 706 967 855 1052; x_wconf 77' lang='grc' dir='ltr'>ἐστερήθη</span> <span class='ocrx_word' id='word_1_46' title='bbox 889 964 939 1030; x_wconf 89' lang='grc' dir='ltr'>καί</span> <span class='ocrx_word' id='word_1_47' title='bbox 970 971 1022 1030; x_wconf 83' lang='grc' dir='ltr'>τοῦ</span> <span class='ocrx_word' id='word_1_48' title='bbox 1055 967 1132 1030; x_wconf 80' lang='grc' dir='ltr'>ἰδίου</span> <span class='ocrx_word' id='word_1_49' title='bbox 1164 966 1263 1053; x_wconf 78' lang='grc' dir='ltr'>(υἱοῦ&gt;</span> <span class='ocrx_word' id='word_1_50' title='bbox 1290 965 1473 1052; x_wconf 79' lang='grc' dir='ltr'>Μελικέρτου</span> 
     </span>
     <span class='ocr_line' id='line_1_7' title="bbox 323 1069 1473 1158; baseline -0.003 -22"><span class='ocrx_word' id='word_1_51' title='bbox 323 1069 504 1158; x_wconf 75' lang='grc' dir='ltr'>ἀμφοτέρων</span> <span class='ocrx_word' id='word_1_52' title='bbox 531 1072 582 1143; x_wconf 80' lang='grc' dir='ltr'>εἰς</span> <span class='ocrx_word' id='word_1_53' title='bbox 622 1070 773 1136; x_wconf 82' lang='grc' dir='ltr'>ίλόιλατταν</span> <span class='ocrx_word' id='word_1_54' title='bbox 810 1072 1000 1156; x_wconf 83' lang='grc' dir='ltr'>ἐμπεσόντων</span> <span class='ocrx_word' id='word_1_55' title='bbox 1036 1070 1086 1136; x_wconf 85' lang='grc' dir='ltr'>καί</span> <span class='ocrx_word' id='word_1_56' title='bbox 1124 1071 1308 1158; x_wconf 79' lang='grc' dir='ltr'>οἰκησάντων</span> <span class='ocrx_word' id='word_1_57' title='bbox 1350 1069 1473 1158; x_wconf 74' lang='grc' dir='ltr'>προνοίη</span> 
     </span>
     <span class='ocr_line' id='line_1_8' title="bbox 325 1175 1473 1264; baseline -0.002 -24"><span class='ocrx_word' id='word_1_58' title='bbox 325 1177 516 1249; x_wconf 85' lang='grc' dir='ltr'>Ποσειδῶνος</span> <span class='ocrx_word' id='word_1_59' title='bbox 539 1177 570 1241; x_wconf 82' lang='grc' dir='ltr'>ἐν</span> <span class='ocrx_word' id='word_1_60' title='bbox 594 1175 681 1262; x_wconf 75' lang='grc' dir='ltr'>αὐτη.</span> <span class='ocrx_word' id='word_1_61' title='bbox 705 1176 800 1249; x_wconf 78' lang='grc' dir='ltr'>οὕτως</span> <span class='ocrx_word' id='word_1_62' title='bbox 824 1178 944 1263; x_wconf 87' lang='grc' dir='ltr'>σχόλιον</span> <span class='ocrx_word' id='word_1_63' title='bbox 968 1177 1053 1264; x_wconf 79' lang='grc' dir='ltr'>εὗρον</span> <span class='ocrx_word' id='word_1_64' title='bbox 1076 1179 1118 1252; x_wconf 81' lang='grc' dir='ltr'>εἰς</span> <span class='ocrx_word' id='word_1_65' title='bbox 1141 1177 1173 1242; x_wconf 85' lang='grc' dir='ltr'>τὸ</span> <span class='ocrx_word' id='word_1_66' title='bbox 1198 1177 1225 1242; x_wconf 91' lang='grc' dir='ltr'>Β</span> <span class='ocrx_word' id='word_1_67' title='bbox 1249 1177 1309 1262; x_wconf 81' lang='grc' dir='ltr'>(τὸν</span> <span class='ocrx_word' id='word_1_68' title='bbox 1333 1179 1473 1259; x_wconf 79' lang='grc' dir='ltr'>Θοοᾶό.)</span> 
     </span>
     <span class='ocr_line' id='line_1_9' title="bbox 324 1284 657 1367; baseline -0.006 -21"><span class='ocrx_word' id='word_1_69' title='bbox 324 1289 384 1346; x_wconf 81' lang='grc' dir='ltr'>τῶν</span> <span class='ocrx_word' id='word_1_70' title='bbox 409 1284 657 1367; x_wconf 79' lang='grc' dir='ltr'>Ἀργοναοτικῶν.</span> 
     </span>
    </p>

    <p class='ocr_par' dir='ltr' id='par_1_3' title="bbox 323 1391 1473 1896">
     <span class='ocr_line' id='line_1_10' title="bbox 411 1391 1472 1475; baseline 0.004 -25"><span class='ocrx_word' id='word_1_71' title='bbox 411 1392 477 1466; x_wconf 80' lang='lat' dir='ltr'>Quo</span> <span class='ocrx_word' id='word_1_72' title='bbox 499 1411 570 1451; x_wconf 88' lang='lat' dir='ltr'>vero</span> <span class='ocrx_word' id='word_1_73' title='bbox 593 1400 765 1469; x_wconf 88' lang='lat' dir='ltr'>argumento</span> <span class='ocrx_word' id='word_1_74' title='bbox 783 1395 911 1452; x_wconf 85' lang='lat' dir='ltr'>maxime</span> <span class='ocrx_word' id='word_1_75' title='bbox 925 1391 1043 1454; x_wconf 85' lang='lat' dir='ltr'>Giesius</span> <span class='ocrx_word' id='word_1_76' title='bbox 1058 1397 1170 1473; x_wconf 86' lang='lat' dir='ltr'>nititur,</span> <span class='ocrx_word' id='word_1_77' title='bbox 1195 1393 1274 1474; x_wconf 88' lang='lat' dir='ltr'>apud</span> <span class='ocrx_word' id='word_1_78' title='bbox 1290 1394 1472 1475; x_wconf 79' lang='lat' dir='ltr'><strong>Stephanum</strong></span> 
     </span>
     <span class='ocr_line' id='line_1_11' title="bbox 324 1496 1473 1580; baseline 0.002 -23"><span class='ocrx_word' id='word_1_79' title='bbox 324 1499 395 1578; x_wconf 81' lang='lat' dir='ltr'>Byz.</span> <span class='ocrx_word' id='word_1_80' title='bbox 420 1499 572 1557; x_wconf 78' lang='lat' dir='ltr'>Thoonem</span> <span class='ocrx_word' id='word_1_81' title='bbox 603 1518 668 1556; x_wconf 92' lang='lat' dir='ltr'>cum</span> <span class='ocrx_word' id='word_1_82' title='bbox 692 1496 838 1577; x_wconf 80' lang='lat' dir='ltr'>Sophocle</span> <span class='ocrx_word' id='word_1_83' title='bbox 871 1501 1055 1558; x_wconf 88' lang='lat' dir='ltr'>coniunctum</span> <span class='ocrx_word' id='word_1_84' title='bbox 1088 1500 1230 1580; x_wconf 85' lang='lat' dir='ltr'>appellari</span> <span class='ocrx_word' id='word_1_85' title='bbox 1255 1535 1293 1548; x_wconf 83' lang='lat'>-</span> <span class='ocrx_word' id='word_1_86' title='bbox 1318 1519 1387 1560; x_wconf 88' lang='lat' dir='ltr'>nam</span> <span class='ocrx_word' id='word_1_87' title='bbox 1419 1500 1473 1559; x_wconf 85' lang='lat' dir='ltr'>suh</span> 
     </span>
     <span class='ocr_line' id='line_1_12' title="bbox 323 1599 1471 1689; baseline 0.002 -26"><span class='ocrx_word' id='word_1_88' title='bbox 323 1604 411 1663; x_wconf 89' lang='lat' dir='ltr'>finem</span> <span class='ocrx_word' id='word_1_89' title='bbox 433 1603 513 1682; x_wconf 90' lang='lat' dir='ltr'>apud</span> <span class='ocrx_word' id='word_1_90' title='bbox 537 1603 717 1683; x_wconf 82' lang='lat' dir='ltr'>Stephanum</span> <span class='ocrx_word' id='word_1_91' title='bbox 740 1603 892 1682; x_wconf 86' lang='lat' dir='ltr'>leguntur:</span> <span class='ocrx_word' id='word_1_92' title='bbox 917 1599 950 1665; x_wconf 81' lang='grc' dir='ltr'>τό</span> <span class='ocrx_word' id='word_1_93' title='bbox 974 1601 1091 1666; x_wconf 81' lang='grc' dir='ltr'>ἐίλνικόν</span> <span class='ocrx_word' id='word_1_94' title='bbox 1116 1603 1232 1687; x_wconf 73' lang='grc' dir='ltr'>Ἀλεός,</span> <span class='ocrx_word' id='word_1_95' title='bbox 1254 1603 1413 1689; x_wconf 83' lang='grc' dir='ltr'>Σοφοκλῆς</span> <span class='ocrx_word' id='word_1_96' title='bbox 1437 1601 1471 1665; x_wconf 85' lang='grc' dir='ltr'>δὲ</span> 
     </span>
     <span class='ocr_line' id='line_1_13' title="bbox 324 1704 1470 1794; baseline 0 -24"><span class='ocrx_word' id='word_1_97' title='bbox 324 1706 508 1786; x_wconf 82' lang='grc' dir='ltr'>Ἀλοοσίους,</span> <span class='ocrx_word' id='word_1_98' title='bbox 533 1704 607 1778; x_wconf 80' lang='grc' dir='ltr'>τινὲς</span> <span class='ocrx_word' id='word_1_99' title='bbox 631 1705 664 1769; x_wconf 82' lang='grc' dir='ltr'>δὲ</span> <span class='ocrx_word' id='word_1_100' title='bbox 686 1712 745 1770; x_wconf 83' lang='grc' dir='ltr'>τῶν</span> <span class='ocrx_word' id='word_1_101' title='bbox 768 1707 1016 1794; x_wconf 74' lang='grc' dir='ltr'>γλωσσογράφον</span> <span class='ocrx_word' id='word_1_102' title='bbox 1035 1705 1159 1781; x_wconf 84' lang='grc' dir='ltr'>Ἀλίους</span> <span class='ocrx_word' id='word_1_103' title='bbox 1176 1711 1270 1772; x_wconf 87' lang='lat' dir='ltr'>-de</span> <span class='ocrx_word' id='word_1_104' title='bbox 1293 1711 1348 1772; x_wconf 90' lang='lat' dir='ltr'>hoc</span> <span class='ocrx_word' id='word_1_105' title='bbox 1372 1711 1470 1771; x_wconf 87' lang='lat' dir='ltr'>dicen-</span> 
     </span>
     <span class='ocr_line' id='line_1_14' title="bbox 324 1814 1472 1896; baseline 0.002 -22"><span class='ocrx_word' id='word_1_106' title='bbox 324 1814 394 1874; x_wconf 89' lang='lat' dir='ltr'>dum</span> <span class='ocrx_word' id='word_1_107' title='bbox 417 1823 461 1874; x_wconf 87' lang='lat' dir='ltr'>est</span> <span class='ocrx_word' id='word_1_108' title='bbox 484 1815 657 1892; x_wconf 82' lang='lat' dir='ltr'>Sophoclem</span> <span class='ocrx_word' id='word_1_109' title='bbox 679 1823 828 1893; x_wconf 91' lang='lat' dir='ltr'>poetam</span> <span class='ocrx_word' id='word_1_110' title='bbox 851 1837 869 1874; x_wconf 89' lang='lat' dir='ltr'>a</span> <span class='ocrx_word' id='word_1_111' title='bbox 892 1816 1041 1896; x_wconf 90' lang='lat' dir='ltr'>Stephano</span> <span class='ocrx_word' id='word_1_112' title='bbox 1064 1816 1132 1880; x_wconf 92' lang='lat' dir='ltr'>dici.</span> <span class='ocrx_word' id='word_1_113' title='bbox 1171 1817 1307 1878; x_wconf 78' lang='lat' dir='ltr'>Ceterum</span> <span class='ocrx_word' id='word_1_114' title='bbox 1329 1817 1472 1877; x_wconf 90' lang='lat' dir='ltr'>scholium</span> 
     </span>
    </p>
   </div>
   <div class='ocr_carea' id='block_1_3' title="bbox 324 1919 1579 2108">
    <p class='ocr_par' dir='ltr' id='par_1_4' title="bbox 324 1919 1579 2108">
     <span class='ocr_line' id='line_1_15' title="bbox 324 1919 1579 2002; baseline 0 -22"><span class='ocrx_word' id='word_1_115' title='bbox 324 1921 556 2000; x_wconf 88' lang='lat' dir='ltr'>Apollonianum</span> <span class='ocrx_word' id='word_1_116' title='bbox 578 1923 609 1978; x_wconf 90' lang='lat' dir='ltr'>in</span> <span class='ocrx_word' id='word_1_117' title='bbox 632 1921 827 1998; x_wconf 85' lang='lat' dir='ltr'>etymologico</span> <span class='ocrx_word' id='word_1_118' title='bbox 850 1919 989 1980; x_wconf 84' lang='lat' dir='ltr'>traditum</span> <span class='ocrx_word' id='word_1_119' title='bbox 1004 1922 1182 1981; x_wconf 80' lang='lat' dir='ltr'>simIllimum</span> <span class='ocrx_word' id='word_1_120' title='bbox 1199 1931 1244 1983; x_wconf 86' lang='lat' dir='ltr'>est</span> <span class='ocrx_word' id='word_1_121' title='bbox 1259 1923 1376 1983; x_wconf 83' lang='lat' dir='ltr'>fabulae</span> <span class='ocrx_word' id='word_1_122' title='bbox 1396 1922 1476 2002; x_wconf 90' lang='lat' dir='ltr'>apud</span> <span class='ocrx_word' id='word_1_123' title='bbox 1577 1955 1579 1968; x_wconf 51' lang='grc' dir='ltr'>ι</span> 
     </span>
     <span class='ocr_line' id='line_1_16' title="bbox 325 2025 1579 2108; baseline 0 -22"><span class='ocrx_word' id='word_1_124' title='bbox 325 2025 536 2106; x_wconf 88' lang='lat' dir='ltr'>Apollodomm</span> <span class='ocrx_word' id='word_1_125' title='bbox 559 2026 631 2085; x_wconf 78' lang='lat'>184</span> <span class='ocrx_word' id='word_1_126' title='bbox 654 2034 790 2084; x_wconf 81' lang='lat' dir='ltr'>narratae</span> <span class='ocrx_word' id='word_1_127' title='bbox 822 2026 867 2104; x_wconf 86' lang='lat' dir='ltr'>(cf.</span> <span class='ocrx_word' id='word_1_128' title='bbox 891 2027 1003 2106; x_wconf 84' lang='lat' dir='ltr'>Hygin.</span> <span class='ocrx_word' id='word_1_129' title='bbox 1027 2027 1047 2087; x_wconf 85' lang='lat' dir='ltr'>f.</span> <span class='ocrx_word' id='word_1_130' title='bbox 1071 2028 1104 2086; x_wconf 92' lang='lat' dir='ltr'>II</span> <span class='ocrx_word' id='word_1_131' title='bbox 1126 2038 1156 2088; x_wconf 91' lang='lat' dir='ltr'>et</span> <span class='ocrx_word' id='word_1_132' title='bbox 1177 2029 1248 2108; x_wconf 87' lang='lat'>111),</span> <span class='ocrx_word' id='word_1_133' title='bbox 1283 2049 1348 2088; x_wconf 90' lang='lat' dir='ltr'>cum</span> <span class='ocrx_word' id='word_1_134' title='bbox 1382 2029 1476 2088; x_wconf 87' lang='lat' dir='ltr'>altera</span> <span class='ocrx_word' id='word_1_135' title='bbox 1578 2033 1579 2040; x_wconf 76' lang='grc'>’</span> 
     </span>
    </p>
   </div>
   <div class='ocr_carea' id='block_1_4' title="bbox 319 2131 1578 4117">
    <p class='ocr_par' dir='ltr' id='par_1_5' title="bbox 324 2131 1474 2320">
     <span class='ocr_line' id='line_1_17' title="bbox 324 2131 1474 2212; baseline 0 -21"><span class='ocrx_word' id='word_1_136' title='bbox 324 2133 377 2192; x_wconf 89' lang='lat' dir='ltr'>illa</span> <span class='ocrx_word' id='word_1_137' title='bbox 406 2133 545 2192; x_wconf 86' lang='lat' dir='ltr'>memoria</span> <span class='ocrx_word' id='word_1_138' title='bbox 575 2131 654 2211; x_wconf 90' lang='lat' dir='ltr'>apud</span> <span class='ocrx_word' id='word_1_139' title='bbox 678 2131 858 2212; x_wconf 85' lang='lat' dir='ltr'>Stephanum</span> <span class='ocrx_word' id='word_1_140' title='bbox 881 2133 998 2192; x_wconf 79' lang='lat' dir='ltr'>&#39;I&#39;heoni</span> <span class='ocrx_word' id='word_1_141' title='bbox 1028 2133 1138 2194; x_wconf 90' lang='lat' dir='ltr'>tributa</span> <span class='ocrx_word' id='word_1_142' title='bbox 1159 2135 1294 2196; x_wconf 84' lang='lat' dir='ltr'>slmiliter</span> <span class='ocrx_word' id='word_1_143' title='bbox 1316 2138 1347 2194; x_wconf 91' lang='lat' dir='ltr'>in</span> <span class='ocrx_word' id='word_1_144' title='bbox 1370 2133 1474 2196; x_wconf 90' lang='lat' dir='ltr'>Ovidii</span> 
     </span>
     <span class='ocr_line' id='line_1_18' title="bbox 324 2235 726 2320; baseline 0 -23"><span class='ocrx_word' id='word_1_145' title='bbox 324 2241 423 2298; x_wconf 81' lang='lat' dir='ltr'>Fastis</span> <span class='ocrx_word' id='word_1_146' title='bbox 446 2235 594 2320; x_wconf 78' lang='lat' dir='ltr'>(V1551)</span> <span class='ocrx_word' id='word_1_147' title='bbox 617 2237 726 2298; x_wconf 86' lang='lat' dir='ltr'>redeat.</span> 
     </span>
    </p>

    <p class='ocr_par' dir='ltr' id='par_1_6' title="bbox 319 2323 1578 3904">
     <span class='ocr_line' id='line_1_19' title="bbox 412 2323 1476 2426; baseline 0.002 -24"><span class='ocrx_word' id='word_1_148' title='bbox 412 2345 512 2402; x_wconf 87' lang='lat' dir='ltr'>Etiam</span> <span class='ocrx_word' id='word_1_149' title='bbox 546 2345 642 2402; x_wconf 89' lang='lat' dir='ltr'>minus</span> <span class='ocrx_word' id='word_1_150' title='bbox 675 2352 754 2402; x_wconf 86' lang='lat' dir='ltr'>certe</span> <span class='ocrx_word' id='word_1_151' title='bbox 790 2323 827 2401; x_wconf 83' lang='lat' dir='ltr'>ds</span> <span class='ocrx_word' id='word_1_152' title='bbox 861 2343 954 2403; x_wconf 87' lang='lat' dir='ltr'>altero</span> <span class='ocrx_word' id='word_1_153' title='bbox 987 2344 1053 2404; x_wconf 93' lang='lat' dir='ltr'>loco</span> <span class='ocrx_word' id='word_1_154' title='bbox 1087 2345 1238 2426; x_wconf 78' lang='lat' dir='ltr'>Stephani,</span> <span class='ocrx_word' id='word_1_155' title='bbox 1277 2367 1333 2426; x_wconf 93' lang='lat' dir='ltr'>quo</span> <span class='ocrx_word' id='word_1_156' title='bbox 1367 2364 1476 2405; x_wconf 83' lang='lat' dir='ltr'>nomeu</span> 
     </span>
     <span class='ocr_line' id='line_1_20' title="bbox 326 2431 1479 2533; baseline 0 -23"><span class='ocrx_word' id='word_1_157' title='bbox 326 2450 456 2510; x_wconf 82' lang='lat' dir='ltr'>Theonis</span> <span class='ocrx_word' id='word_1_158' title='bbox 478 2456 582 2522; x_wconf 86' lang='lat' dir='ltr'>exstat,</span> <span class='ocrx_word' id='word_1_159' title='bbox 605 2447 730 2506; x_wconf 89' lang='lat' dir='ltr'>iudicari</span> <span class='ocrx_word' id='word_1_160' title='bbox 759 2455 869 2528; x_wconf 87' lang='lat' dir='ltr'>potest:</span> <span class='ocrx_word' id='word_1_161' title='bbox 899 2443 1066 2532; x_wconf 77' lang='grc' dir='ltr'>Ὑπερησία</span> <span class='ocrx_word' id='word_1_162' title='bbox 1096 2450 1180 2520; x_wconf 82' lang='grc' dir='ltr'>πόλις</span> <span class='ocrx_word' id='word_1_163' title='bbox 1211 2445 1331 2533; x_wconf 79' lang='grc' dir='ltr'>Ἀχαίας</span> <span class='ocrx_word' id='word_1_164' title='bbox 1365 2431 1422 2524; x_wconf 70' lang='lat' dir='ltr'>„ol</span> <span class='ocrx_word' id='word_1_165' title='bbox 1443 2445 1479 2510; x_wconf 73' lang='grc' dir='ltr'>θ’</span> 
     </span>
     <span class='ocr_line' id='line_1_21' title="bbox 322 2543 1578 2640; baseline -0.002 -23"><span class='ocrx_word' id='word_1_166' title='bbox 322 2548 508 2637; x_wconf 78' lang='grc' dir='ltr'>Ὑπερησίην</span> <span class='ocrx_word' id='word_1_167' title='bbox 531 2573 562 2614; x_wconf 89' lang='grc' dir='ltr'>τε</span> <span class='ocrx_word' id='word_1_168' title='bbox 585 2548 634 2614; x_wconf 87' lang='grc' dir='ltr'>καί</span> <span class='ocrx_word' id='word_1_169' title='bbox 665 2549 798 2634; x_wconf 78' lang='grc' dir='ltr'>αἰπεινὴν</span> <span class='ocrx_word' id='word_1_170' title='bbox 825 2550 1010 2616; x_wconf 86' lang='grc' dir='ltr'>Γονόεσσαν“</span> <span class='ocrx_word' id='word_1_171' title='bbox 1030 2543 1169 2640; x_wconf 81' lang='grc' dir='ltr'>Ὅμηρος</span> <span class='ocrx_word' id='word_1_172' title='bbox 1193 2553 1342 2640; x_wconf 75' lang='lat' dir='ltr'>(Bate).</span> <span class='ocrx_word' id='word_1_173' title='bbox 1374 2559 1477 2624; x_wconf 82' lang='grc' dir='ltr'>κακῶς</span> <span class='ocrx_word' id='word_1_174' title='bbox 1577 2585 1578 2602; x_wconf 64' lang='grc' dir='ltr'>ι</span> 
     </span>
     <span class='ocr_line' id='line_1_22' title="bbox 328 2654 1477 2760; baseline -0.002 -38"><span class='ocrx_word' id='word_1_175' title='bbox 328 2657 361 2722; x_wconf 81' lang='grc' dir='ltr'>δὲ</span> <span class='ocrx_word' id='word_1_176' title='bbox 384 2657 469 2722; x_wconf 81' lang='grc' dir='ltr'>Θέων</span> <span class='ocrx_word' id='word_1_177' title='bbox 489 2655 648 2742; x_wconf 80' lang='grc' dir='ltr'>Ὑπέρειαν</span> <span class='ocrx_word' id='word_1_178' title='bbox 671 2654 763 2740; x_wconf 78' lang='grc' dir='ltr'>αὐτὴν</span> <span class='ocrx_word' id='word_1_179' title='bbox 785 2657 887 2734; x_wconf 86' lang='grc' dir='ltr'>καλεῖ;</span> <span class='ocrx_word' id='word_1_180' title='bbox 913 2679 1036 2739; x_wconf 90' lang='lat' dir='ltr'>quocum</span> <span class='ocrx_word' id='word_1_181' title='bbox 1059 2663 1190 2722; x_wconf 85' lang='lat' dir='ltr'>conferas</span> <span class='ocrx_word' id='word_1_182' title='bbox 1213 2662 1302 2722; x_wconf 90' lang='lat' dir='ltr'>schol.</span> <span class='ocrx_word' id='word_1_183' title='bbox 1326 2664 1357 2721; x_wconf 88' lang='lat' dir='ltr'>iu</span> <span class='ocrx_word' id='word_1_184' title='bbox 1376 2661 1477 2760; x_wconf 81' lang='lat' dir='ltr'>Apoll.</span> 
     </span>
     <span class='ocr_line' id='line_1_23' title="bbox 327 2758 1477 2850; baseline -0.003 -22"><span class='ocrx_word' id='word_1_185' title='bbox 327 2789 355 2828; x_wconf 85' lang='lat' dir='ltr'>v.</span> <span class='ocrx_word' id='word_1_186' title='bbox 379 2769 487 2826; x_wconf 83' lang='lat'>1176:</span> <span class='ocrx_word' id='word_1_187' title='bbox 520 2760 578 2826; x_wconf 85' lang='grc' dir='ltr'>ἀπό</span> <span class='ocrx_word' id='word_1_188' title='bbox 610 2759 644 2824; x_wconf 84' lang='grc' dir='ltr'>δὲ</span> <span class='ocrx_word' id='word_1_189' title='bbox 673 2766 726 2824; x_wconf 82' lang='grc' dir='ltr'>τοῦ</span> <span class='ocrx_word' id='word_1_190' title='bbox 753 2758 953 2848; x_wconf 86' lang='grc' dir='ltr'>Ὑπερρασίοο</span> <span class='ocrx_word' id='word_1_191' title='bbox 987 2763 1134 2849; x_wconf 84' lang='grc' dir='ltr'>βασιλέως</span> <span class='ocrx_word' id='word_1_192' title='bbox 1163 2771 1215 2849; x_wconf 84' lang='grc' dir='ltr'>τῆς</span> <span class='ocrx_word' id='word_1_193' title='bbox 1248 2761 1368 2850; x_wconf 81' lang='grc' dir='ltr'>Ἀχαίας</span> <span class='ocrx_word' id='word_1_194' title='bbox 1391 2765 1477 2836; x_wconf 87' lang='grc' dir='ltr'>πόλις</span> 
     </span>
     <span class='ocr_line' id='line_1_24' title="bbox 323 2859 1476 2955; baseline -0.003 -21"><span class='ocrx_word' id='word_1_195' title='bbox 323 2866 526 2955; x_wconf 83' lang='grc' dir='ltr'>Ὑπερρασία·</span> <span class='ocrx_word' id='word_1_196' title='bbox 551 2859 691 2952; x_wconf 83' lang='grc' dir='ltr'>Ὅμηρος</span> <span class='ocrx_word' id='word_1_197' title='bbox 723 2864 773 2943; x_wconf 81' lang='grc' dir='ltr'>,,οί</span> <span class='ocrx_word' id='word_1_198' title='bbox 800 2864 825 2930; x_wconf 78' lang='grc' dir='ltr'>θ’</span> <span class='ocrx_word' id='word_1_199' title='bbox 850 2860 1072 2954; x_wconf 84' lang='grc' dir='ltr'>Ὑπερρασίην“</span> <span class='ocrx_word' id='word_1_200' title='bbox 1098 2871 1240 2954; x_wconf 71' lang='lat'>(13573).</span> <span class='ocrx_word' id='word_1_201' title='bbox 1286 2872 1373 2948; x_wconf 81' lang='lat' dir='ltr'>Quod</span> <span class='ocrx_word' id='word_1_202' title='bbox 1395 2871 1476 2932; x_wconf 87' lang='lat' dir='ltr'>idem</span> 
     </span>
     <span class='ocr_line' id='line_1_25' title="bbox 327 2974 1479 3059; baseline 0 -20"><span class='ocrx_word' id='word_1_203' title='bbox 327 2999 428 3039; x_wconf 88' lang='lat' dir='ltr'>versus</span> <span class='ocrx_word' id='word_1_204' title='bbox 450 2978 571 3036; x_wconf 86' lang='lat' dir='ltr'>Homeri</span> <span class='ocrx_word' id='word_1_205' title='bbox 593 2974 738 3050; x_wconf 79' lang='lat' dir='ltr'>laudatur,</span> <span class='ocrx_word' id='word_1_206' title='bbox 762 2995 796 3036; x_wconf 88' lang='lat' dir='ltr'>so</span> <span class='ocrx_word' id='word_1_207' title='bbox 818 2978 936 3036; x_wconf 89' lang='lat' dir='ltr'>minime</span> <span class='ocrx_word' id='word_1_208' title='bbox 959 2977 1175 3037; x_wconf 87' lang='lat' dir='ltr'>demonstratur</span> <span class='ocrx_word' id='word_1_209' title='bbox 1198 2978 1276 3058; x_wconf 89' lang='lat' dir='ltr'>apud</span> <span class='ocrx_word' id='word_1_210' title='bbox 1296 2978 1479 3059; x_wconf 81' lang='lat' dir='ltr'>Stephanum</span> 
     </span>
     <span class='ocr_line' id='line_1_26' title="bbox 326 3081 1479 3165; baseline -0.003 -20"><span class='ocrx_word' id='word_1_211' title='bbox 326 3087 398 3165; x_wconf 81' lang='lat' dir='ltr'>Byz.</span> <span class='ocrx_word' id='word_1_212' title='bbox 420 3084 477 3143; x_wconf 92' lang='lat' dir='ltr'>hoc</span> <span class='ocrx_word' id='word_1_213' title='bbox 499 3083 563 3142; x_wconf 91' lang='lat' dir='ltr'>loco</span> <span class='ocrx_word' id='word_1_214' title='bbox 585 3082 697 3140; x_wconf 87' lang='lat' dir='ltr'>scholia</span> <span class='ocrx_word' id='word_1_215' title='bbox 710 3081 909 3161; x_wconf 84' lang='lat' dir='ltr'>Apolloniana</span> <span class='ocrx_word' id='word_1_216' title='bbox 931 3082 1065 3142; x_wconf 88' lang='lat' dir='ltr'>adhibita</span> <span class='ocrx_word' id='word_1_217' title='bbox 1087 3103 1160 3159; x_wconf 88' lang='lat' dir='ltr'>esse,</span> <span class='ocrx_word' id='word_1_218' title='bbox 1182 3105 1248 3144; x_wconf 91' lang='lat' dir='ltr'>cum</span> <span class='ocrx_word' id='word_1_219' title='bbox 1271 3094 1301 3144; x_wconf 92' lang='lat' dir='ltr'>et</span> <span class='ocrx_word' id='word_1_220' title='bbox 1324 3084 1479 3164; x_wconf 89' lang='lat' dir='ltr'>Stephano</span> 
     </span>
     <span class='ocr_line' id='line_1_27' title="bbox 328 3183 1480 3272; baseline -0.003 -21"><span class='ocrx_word' id='word_1_221' title='bbox 328 3192 399 3272; x_wconf 84' lang='lat' dir='ltr'>Byz.</span> <span class='ocrx_word' id='word_1_222' title='bbox 423 3189 523 3248; x_wconf 90' lang='lat' dir='ltr'>multis</span> <span class='ocrx_word' id='word_1_223' title='bbox 545 3183 619 3248; x_wconf 85' lang='lat' dir='ltr'>locis</span> <span class='ocrx_word' id='word_1_224' title='bbox 643 3186 816 3266; x_wconf 83' lang='lat' dir='ltr'>Apollodori</span> <span class='ocrx_word' id='word_1_225' title='bbox 840 3192 1077 3248; x_wconf 72' lang='lat' dir='ltr'>commentamum</span> <span class='ocrx_word' id='word_1_226' title='bbox 1099 3191 1130 3248; x_wconf 89' lang='lat' dir='ltr'>in</span> <span class='ocrx_word' id='word_1_227' title='bbox 1160 3194 1281 3250; x_wconf 89' lang='lat' dir='ltr'>navium</span> <span class='ocrx_word' id='word_1_228' title='bbox 1312 3190 1480 3268; x_wconf 84' lang='lat' dir='ltr'>catalogum</span> 
     </span>
     <span class='ocr_line' id='line_1_28' title="bbox 329 3288 1480 3375; baseline 0 -19"><span class='ocrx_word' id='word_1_229' title='bbox 329 3297 447 3357; x_wconf 77' lang='lat' dir='ltr'>subesse</span> <span class='ocrx_word' id='word_1_230' title='bbox 477 3301 590 3353; x_wconf 87' lang='lat' dir='ltr'>constet</span> <span class='ocrx_word' id='word_1_231' title='bbox 599 3291 623 3375; x_wconf 84' lang='lat'>¹)</span> <span class='ocrx_word' id='word_1_232' title='bbox 658 3302 687 3352; x_wconf 86' lang='lat' dir='ltr'>et</span> <span class='ocrx_word' id='word_1_233' title='bbox 720 3295 751 3351; x_wconf 91' lang='lat' dir='ltr'>in</span> <span class='ocrx_word' id='word_1_234' title='bbox 783 3294 901 3353; x_wconf 79' lang='lat' dir='ltr'>scholiis</span> <span class='ocrx_word' id='word_1_235' title='bbox 928 3293 1080 3374; x_wconf 83' lang='lat' dir='ltr'>Apollonii</span> <span class='ocrx_word' id='word_1_236' title='bbox 1115 3315 1181 3356; x_wconf 87' lang='lat' dir='ltr'>cum</span> <span class='ocrx_word' id='word_1_237' title='bbox 1216 3294 1380 3356; x_wconf 90' lang='lat' dir='ltr'>adhibitum</span> <span class='ocrx_word' id='word_1_238' title='bbox 1414 3288 1480 3356; x_wconf 76' lang='lat' dir='ltr'>essa</span> 
     </span>
     <span class='ocr_line' id='line_1_29' title="bbox 328 3400 1480 3482; baseline 0 -22"><span class='ocrx_word' id='word_1_239' title='bbox 328 3403 406 3462; x_wconf 86' lang='lat' dir='ltr'>infra</span> <span class='ocrx_word' id='word_1_240' title='bbox 429 3400 653 3460; x_wconf 84' lang='lat' dir='ltr'>demonstraturi</span> <span class='ocrx_word' id='word_1_241' title='bbox 675 3401 771 3459; x_wconf 84' lang='lat' dir='ltr'>simus</span> <span class='ocrx_word' id='word_1_242' title='bbox 803 3401 864 3459; x_wconf 87' lang='lat' dir='ltr'>Vix</span> <span class='ocrx_word' id='word_1_243' title='bbox 886 3403 976 3478; x_wconf 85' lang='lat' dir='ltr'>igitur</span> <span class='ocrx_word' id='word_1_244' title='bbox 999 3400 1155 3461; x_wconf 82' lang='lat' dir='ltr'>diiudicari</span> <span class='ocrx_word' id='word_1_245' title='bbox 1177 3409 1282 3482; x_wconf 89' lang='lat' dir='ltr'>potest,</span> <span class='ocrx_word' id='word_1_246' title='bbox 1303 3400 1382 3460; x_wconf 90' lang='lat' dir='ltr'>unde</span> <span class='ocrx_word' id='word_1_247' title='bbox 1404 3401 1480 3460; x_wconf 89' lang='lat' dir='ltr'>haec</span> 
     </span>
     <span class='ocr_line' id='line_1_30' title="bbox 319 3505 1529 3585; baseline -0.002 -17"><span class='ocrx_word' id='word_1_248' title='bbox 319 3505 459 3568; x_wconf 68' lang='lat' dir='ltr'>Theonis</span> <span class='ocrx_word' id='word_1_249' title='bbox 490 3508 633 3566; x_wconf 87' lang='lat' dir='ltr'>sententia</span> <span class='ocrx_word' id='word_1_250' title='bbox 661 3514 777 3584; x_wconf 88' lang='lat' dir='ltr'>sumpta</span> <span class='ocrx_word' id='word_1_251' title='bbox 805 3508 852 3580; x_wconf 90' lang='lat' dir='ltr'>sit,</span> <span class='ocrx_word' id='word_1_252' title='bbox 888 3506 936 3564; x_wconf 83' lang='lat' dir='ltr'>vel</span> <span class='ocrx_word' id='word_1_253' title='bbox 969 3509 1034 3585; x_wconf 88' lang='lat' dir='ltr'>quis</span> <span class='ocrx_word' id='word_1_254' title='bbox 1061 3509 1179 3566; x_wconf 87' lang='lat' dir='ltr'>omnino</span> <span class='ocrx_word' id='word_1_255' title='bbox 1202 3507 1287 3566; x_wconf 87' lang='lat' dir='ltr'>Theo</span> <span class='ocrx_word' id='word_1_256' title='bbox 1309 3507 1361 3566; x_wconf 93' lang='lat' dir='ltr'>ille</span> <span class='ocrx_word' id='word_1_257' title='bbox 1382 3506 1479 3566; x_wconf 68' lang='lat' dir='ltr'>licerit.</span> <span class='ocrx_word' id='word_1_258' title='bbox 1527 3543 1529 3548; x_wconf 94' lang='lat'>·</span> 
     </span>
     <span class='ocr_line' id='line_1_31' title="bbox 330 3593 1479 3692; baseline -0.003 -18"><span class='ocrx_word' id='word_1_259' title='bbox 330 3614 494 3674; x_wconf 89' lang='lat' dir='ltr'>Ahrensius</span> <span class='ocrx_word' id='word_1_260' title='bbox 521 3613 541 3674; x_wconf 94' lang='lat' dir='ltr'>l.</span> <span class='ocrx_word' id='word_1_261' title='bbox 571 3632 596 3672; x_wconf 90' lang='lat' dir='ltr'>c.</span> <span class='ocrx_word' id='word_1_262' title='bbox 626 3632 653 3690; x_wconf 91' lang='lat' dir='ltr'>p.</span> <span class='ocrx_word' id='word_1_263' title='bbox 677 3611 821 3671; x_wconf 82' lang='lat' dir='ltr'>XXVIII</span> <span class='ocrx_word' id='word_1_264' title='bbox 850 3613 979 3691; x_wconf 88' lang='lat' dir='ltr'>itemque</span> <span class='ocrx_word' id='word_1_265' title='bbox 1003 3610 1122 3672; x_wconf 83' lang='lat' dir='ltr'>Giesius</span> <span class='ocrx_word' id='word_1_266' title='bbox 1151 3633 1177 3692; x_wconf 92' lang='lat' dir='ltr'>p.</span> <span class='ocrx_word' id='word_1_267' title='bbox 1203 3615 1244 3672; x_wconf 82' lang='lat'>40</span> <span class='ocrx_word' id='word_1_268' title='bbox 1277 3611 1316 3670; x_wconf 90' lang='lat' dir='ltr'>ad</span> <span class='ocrx_word' id='word_1_269' title='bbox 1346 3593 1479 3671; x_wconf 80' lang='lat' dir='ltr'>Theonis</span> 
     </span>
     <span class='ocr_line' id='line_1_32' title="bbox 330 3714 1479 3800; baseline -0.003 -21"><span class='ocrx_word' id='word_1_270' title='bbox 330 3721 570 3780; x_wconf 86' lang='lat' dir='ltr'>commentarium</span> <span class='ocrx_word' id='word_1_271' title='bbox 602 3720 634 3775; x_wconf 88' lang='lat' dir='ltr'>in</span> <span class='ocrx_word' id='word_1_272' title='bbox 668 3716 834 3796; x_wconf 86' lang='lat' dir='ltr'>Odysseam</span> <span class='ocrx_word' id='word_1_273' title='bbox 868 3714 986 3800; x_wconf 74' lang='lat'>(0954)</span> <span class='ocrx_word' id='word_1_274' title='bbox 1023 3717 1118 3777; x_wconf 90' lang='lat' dir='ltr'>locum</span> <span class='ocrx_word' id='word_1_275' title='bbox 1152 3717 1299 3791; x_wconf 87' lang='lat' dir='ltr'>referunt,</span> <span class='ocrx_word' id='word_1_276' title='bbox 1338 3737 1402 3776; x_wconf 91' lang='lat' dir='ltr'>cum</span> <span class='ocrx_word' id='word_1_277' title='bbox 1435 3717 1479 3775; x_wconf 82' lang='lat' dir='ltr'>n.</span> 
     </span>
     <span class='ocr_line' id='line_1_33' title="bbox 331 3822 1347 3904; baseline -0.004 -19"><span class='ocrx_word' id='word_1_278' title='bbox 331 3824 510 3885; x_wconf 89' lang='lat' dir='ltr'>Schmidtius</span> <span class='ocrx_word' id='word_1_279' title='bbox 533 3842 569 3883; x_wconf 85' lang='lat' dir='ltr'>ex</span> <span class='ocrx_word' id='word_1_280' title='bbox 592 3822 711 3881; x_wconf 84' lang='lat' dir='ltr'>scholiis</span> <span class='ocrx_word' id='word_1_281' title='bbox 733 3822 886 3902; x_wconf 85' lang='lat' dir='ltr'>Apollonii</span> <span class='ocrx_word' id='word_1_282' title='bbox 909 3843 973 3882; x_wconf 89' lang='lat' dir='ltr'>eum</span> <span class='ocrx_word' id='word_1_283' title='bbox 998 3833 1146 3904; x_wconf 88' lang='lat' dir='ltr'>sumptum</span> <span class='ocrx_word' id='word_1_284' title='bbox 1169 3843 1232 3883; x_wconf 89' lang='lat' dir='ltr'>esse</span> <span class='ocrx_word' id='word_1_285' title='bbox 1254 3831 1347 3904; x_wconf 85' lang='lat' dir='ltr'>putet.</span> 
     </span>
    </p>

    <p class='ocr_par' dir='ltr' id='par_1_7' title="bbox 332 3929 1481 4117">
     <span class='ocr_line' id='line_1_34' title="bbox 391 3929 1481 4018; baseline -0.003 -29"><span class='ocrx_word' id='word_1_286' title='bbox 391 4008 395 4018; x_wconf 33' lang='grc' dir='ltr'>Ι</span> <span class='ocrx_word' id='word_1_287' title='bbox 419 3929 552 3989; x_wconf 87' lang='lat' dir='ltr'>Lucillus</span> <span class='ocrx_word' id='word_1_288' title='bbox 575 3929 745 3990; x_wconf 72' lang='lat' dir='ltr'>ll&#39;arrhaeus</span> <span class='ocrx_word' id='word_1_289' title='bbox 767 3933 799 3988; x_wconf 89' lang='lat' dir='ltr'>in</span> <span class='ocrx_word' id='word_1_290' title='bbox 822 3929 942 3990; x_wconf 86' lang='lat' dir='ltr'>scholiis</span> <span class='ocrx_word' id='word_1_291' title='bbox 965 3939 1068 4010; x_wconf 86' lang='lat' dir='ltr'>quater</span> <span class='ocrx_word' id='word_1_292' title='bbox 1090 3939 1337 3991; x_wconf 83' lang='lat' dir='ltr'>commemoratur.</span> <span class='ocrx_word' id='word_1_293' title='bbox 1372 3929 1481 3990; x_wconf 86' lang='lat' dir='ltr'>Versui</span> 
     </span>
     <span class='ocr_line' id='line_1_35' title="bbox 332 4030 1481 4117; baseline -0.006 -19"><span class='ocrx_word' id='word_1_294' title='bbox 332 4038 410 4098; x_wconf 83' lang='lat' dir='ltr'>enim</span> <span class='ocrx_word' id='word_1_295' title='bbox 432 4036 543 4095; x_wconf 84' lang='grc'><strong>11083</strong></span> <span class='ocrx_word' id='word_1_296' title='bbox 574 4036 732 4116; x_wconf 84' lang='lat' dir='ltr'>explicatio</span> <span class='ocrx_word' id='word_1_297' title='bbox 758 4038 840 4094; x_wconf 85' lang='lat' dir='ltr'>vocis</span> <span class='ocrx_word' id='word_1_298' title='bbox 863 4030 950 4096; x_wconf 79' lang='grc' dir='ltr'>ἁδινὰ</span> <span class='ocrx_word' id='word_1_299' title='bbox 972 4035 1117 4099; x_wconf 86' lang='grc' dir='ltr'>κνώσσειν</span> <span class='ocrx_word' id='word_1_300' title='bbox 1140 4037 1178 4096; x_wconf 89' lang='lat' dir='ltr'>ab</span> <span class='ocrx_word' id='word_1_301' title='bbox 1200 4055 1234 4097; x_wconf 90' lang='lat' dir='ltr'>eo</span> <span class='ocrx_word' id='word_1_302' title='bbox 1256 4038 1405 4117; x_wconf 89' lang='lat' dir='ltr'>proposita</span> <span class='ocrx_word' id='word_1_303' title='bbox 1427 4031 1481 4092; x_wconf 87' lang='lat' dir='ltr'>ad-</span> 
     </span>
    </p>
   </div>
   <div class='ocr_carea' id='block_1_5' title="bbox 333 4183 541 4198">
    <p class='ocr_par' dir='ltr' id='par_1_8' title="bbox 333 4183 541 4198">
     <span class='ocr_line' id='line_1_36' title="bbox 333 4183 541 4198; baseline -0.005 -1"><span class='ocrx_word' id='word_1_304' title='bbox 333 4183 541 4198; x_wconf 47' lang='lat' dir='ltr'>m</span> 
     </span>
    </p>
   </div>
   <div class='ocr_carea' id='block_1_6' title="bbox 406 4285 1479 4356">
    <p class='ocr_par' dir='ltr' id='par_1_9' title="bbox 406 4285 1479 4356">
     <span class='ocr_line' id='line_1_37' title="bbox 406 4285 1479 4356; baseline -0.003 -14"><span class='ocrx_word' id='word_1_305' title='bbox 406 4288 430 4356; x_wconf 88' lang='lat'>1)</span> <span class='ocrx_word' id='word_1_306' title='bbox 449 4286 604 4356; x_wconf 85' lang='lat' dir='ltr'>Stephanus</span> <span class='ocrx_word' id='word_1_307' title='bbox 624 4285 655 4342; x_wconf 92' lang='lat' dir='ltr'>B.</span> <span class='ocrx_word' id='word_1_308' title='bbox 679 4285 881 4341; x_wconf 82' lang='lat' dir='ltr'>commentariIs</span> <span class='ocrx_word' id='word_1_309' title='bbox 901 4285 1087 4356; x_wconf 86' lang='lat' dir='ltr'>Epaphroditi</span> <span class='ocrx_word' id='word_1_310' title='bbox 1114 4303 1181 4343; x_wconf 88' lang='lat' dir='ltr'>usus</span> <span class='ocrx_word' id='word_1_311' title='bbox 1209 4294 1261 4356; x_wconf 85' lang='lat' dir='ltr'>est,</span> <span class='ocrx_word' id='word_1_312' title='bbox 1290 4285 1336 4356; x_wconf 88' lang='lat' dir='ltr'>qui</span> <span class='ocrx_word' id='word_1_313' title='bbox 1364 4290 1479 4355; x_wconf 85' lang='lat' dir='ltr'>praeter</span> 
     </span>
    </p>
   </div>
   <div class='ocr_carea' id='block_1_7' title="bbox 330 4373 1479 4538">
    <p class='ocr_par' dir='ltr' id='par_1_10' title="bbox 330 4373 1479 4538">
     <span class='ocr_line' id='line_1_38' title="bbox 331 4373 1479 4450; baseline 0.002 -16"><span class='ocrx_word' id='word_1_314' title='bbox 331 4377 401 4434; x_wconf 85' lang='lat' dir='ltr'>alios</span> <span class='ocrx_word' id='word_1_315' title='bbox 425 4375 511 4432; x_wconf 88' lang='lat' dir='ltr'>libros</span> <span class='ocrx_word' id='word_1_316' title='bbox 536 4376 619 4431; x_wconf 87' lang='lat' dir='ltr'>etiam</span> <span class='ocrx_word' id='word_1_317' title='bbox 645 4375 800 4445; x_wconf 74' lang='lat' dir='ltr'>catalogum</span> <span class='ocrx_word' id='word_1_318' title='bbox 820 4375 984 4447; x_wconf 80' lang='lat' dir='ltr'>Apollodori</span> <span class='ocrx_word' id='word_1_319' title='bbox 1002 4377 1159 4450; x_wconf 80' lang='lat' dir='ltr'>exscrIpsit,</span> <span class='ocrx_word' id='word_1_320' title='bbox 1188 4378 1222 4433; x_wconf 83' lang='lat' dir='ltr'>cf.</span> <span class='ocrx_word' id='word_1_321' title='bbox 1247 4377 1331 4434; x_wconf 83' lang='lat' dir='ltr'>Nisae</span> <span class='ocrx_word' id='word_1_322' title='bbox 1358 4375 1385 4431; x_wconf 90' lang='lat' dir='ltr'>io</span> <span class='ocrx_word' id='word_1_323' title='bbox 1405 4373 1479 4436; x_wconf 83' lang='lat' dir='ltr'>Mus.</span> 
     </span>
     <span class='ocr_line' id='line_1_39' title="bbox 330 4465 752 4538; baseline -0.012 -12"><span class='ocrx_word' id='word_1_324' title='bbox 330 4469 418 4526; x_wconf 82' lang='lat' dir='ltr'>Rhea.</span> <span class='ocrx_word' id='word_1_325' title='bbox 436 4467 488 4523; x_wconf 81' lang='lat' dir='ltr'>vol.</span> <span class='ocrx_word' id='word_1_326' title='bbox 508 4465 626 4522; x_wconf 83' lang='lat' dir='ltr'>XXXIII</span> <span class='ocrx_word' id='word_1_327' title='bbox 644 4481 671 4538; x_wconf 89' lang='lat' dir='ltr'>p.</span> <span class='ocrx_word' id='word_1_328' title='bbox 691 4468 752 4523; x_wconf 78' lang='grc'><strong>276.</strong></span> 
     </span>
    </p>
   </div>
   <div class='ocr_carea' id='block_1_8' title="bbox 0 0 1614 5200">
    <p class='ocr_par' dir='ltr' id='par_1_11' title="bbox 0 0 1614 5200">
     <span class='ocr_line' id='line_1_40' title="bbox 0 0 1614 5200; baseline 0 0"><span class='ocrx_word' id='word_1_329' title='bbox 0 0 1614 5200; x_wconf 95' lang='lat' dir='ltr'> </span> 
     </span>
    </p>
   </div>
  </div>
 </body>
</html>
