3194 5200
881 466 919 525 22

325 659 327 672 ¹
414 633 539 698 Accedit
570 637 650 718 quod
681 641 713 699 in
744 639 862 700 scholiis
892 643 924 700 in
946 639 1136 704 'Clementem
1164 641 1405 722 Alexandrinum,
1438 666 1472 707 ac

329 742 446 822 quidem
468 747 500 802 in
522 763 556 803 eo
580 744 687 820 codice,
717 749 767 825 qui
790 767 878 806 manu
901 747 1020 826 Baanis,
1051 751 1158 808 notarii
1181 749 1320 826 Arethae,
1350 755 1474 832 scriptus

329 857 380 922 est,
411 869 498 928 saepe
520 851 630 910 scholia
652 855 683 910 in
706 851 897 932 Apollonium
920 853 1069 914 Rhodium
1099 859 1246 938 exscripta
1277 867 1354 922 sunt.
1401 860 1474 920 Item

329 955 414 1014 latini
428 955 555 1033 Vergilii
574 959 744 1036 interpretes
768 962 867 1037 copias
891 959 1067 1020 scholiorum
1089 962 1267 1041 expilavisse
1288 963 1431 1026 videntur.

417 1059 555 1121 Omnium
578 1071 674 1122 autem
696 1063 785 1141 longe
807 1062 1029 1142 diligentissime
1053 1075 1154 1126 auctor
1173 1068 1361 1147 etymologici
1377 1073 1476 1147 magni

329 1175 444 1244 praeter
466 1167 540 1227 elios
561 1177 713 1247 poetarum
735 1173 959 1230 commentarios
982 1171 1101 1231 scholiis
1116 1171 1322 1252 Apollonianis
1339 1195 1410 1234 usus
1433 1183 1477 1235 est

330 1279 360 1330 et
382 1275 520 1331 sescentis
543 1273 616 1331 locis
637 1293 774 1350 magnum
797 1295 880 1333 suum
904 1295 976 1354 opus
998 1276 1058 1335 illis
1081 1276 1244 1338 adornavit.
1290 1281 1476 1359 Itaqueiam

330 1377 448 1436 Keilius
469 1379 501 1436 in
523 1377 651 1436 editione
673 1378 850 1438 scholiorum
871 1381 1013 1439 nonnulla
1031 1382 1137 1441 collato
1154 1384 1351 1462 etymologine
1367 1406 1474 1464 magno

331 1486 511 1562 emendavit,
541 1495 608 1547 ante
632 1507 731 1548 omnes
753 1488 973 1548 Berckmannus
995 1493 1025 1548 in
1048 1489 1255 1552 dissertatione
1281 1492 1336 1572 „de
1358 1493 1475 1553 scholiis

330 1597 362 1652 in
384 1593 537 1674 Apollonii
558 1593 667 1652 Rhodii
693 1593 894 1673 Argonautica
926 1597 1114 1676 etymologici
1144 1601 1246 1676 magni
1276 1599 1376 1659 fonte“
1411 1621 1476 1681 per·

329 1703 424 1762 multa
455 1701 540 1762 docte
571 1706 723 1780 congessit,
756 1725 772 1764 e
800 1704 904 1785 quibus
926 1705 982 1765 hac
1004 1705 1041 1766 de
1062 1706 1182 1766 scholiis
1205 1711 1390 1787 quaestiones
1412 1730 1476 1789 per-

331 1808 453 1868 multum
467 1809 580 1870 tructus
595 1819 792 1889 percepenmt.
829 1811 887 1872 Sed
901 1819 998 1872 tamen
1014 1815 1186 1890 praesertim
1201 1799 1293 1893 nuper
1308 1835 1325 1872 a
1341 1815 1476 1875 Reitzen-
1567 1879 1568 1890 ,

333 1917 437 1974 steinio
469 1915 657 1994 etymologici
681 1915 780 1976 codice
803 1915 948 1976 Vaticano
971 1917 1000 1976 A
1022 1920 1149 1992 invento,
1184 1917 1284 1978 codice
1305 1919 1476 1980 Florentino
1567 1897 1568 1984 l

234 2092 237 2097 ἱ
332 2019 358 2078 Β
389 2023 493 2079 iterum
526 2019 683 2097 diligenter
716 2022 838 2101 collato,
873 2021 969 2083 denuo
1001 2021 1039 2082 ad
1061 2023 1138 2084 hanc
1162 2027 1360 2104 quaestionem
1381 2025 1477 2085 redire

332 2147 388 2186 non
411 2127 499 2204 plane
520 2126 625 2186 inutile
648 2146 710 2202 esse
732 2126 857 2188 videtur.

418 2231 639 2292 Berckmannus
673 2231 884 2293 demonstravit
916 2254 976 2293 non
1010 2236 1114 2308 omnia,
1152 2254 1227 2313 quae
1261 2255 1326 2294 cum
1360 2231 1478 2295 scholiis

332 2335 470 2416 Apellen.
493 2340 525 2394 in
548 2345 636 2416 etym.
660 2358 697 2396 m.
722 2342 904 2412 conveniant,
935 2338 972 2397 ab
1001 2341 1064 2416 ipso
1092 2339 1296 2418 „etymolog0“
1322 2359 1338 2399 e
1360 2341 1478 2400 scholiis

332 2451 455 2522 sumpta,
486 2441 537 2502 sed
563 2443 710 2502 nonnullis
742 2444 813 2502 locis
835 2442 887 2502 Ori
919 2443 1025 2502 librum
1057 2440 1124 2525 περί
1156 2441 1289 2505 ἐθνικῶν
1314 2445 1478 2506 adhibitum
1567 2467 1568 2516 ι

328 2567 402 2608 esse.
433 2537 543 2606 Tribus
566 2547 627 2606 illis
648 2547 729 2622 locis
755 2548 859 2628 quibus
882 2549 957 2608 hauc
981 2551 1155 2609 sententiam
1180 2549 1362 2609 confirmavit
1378 2551 1416 2631 (p.
1435 2549 1479 2632 7),

327 2659 370 2714 'ex
386 2639 574 2734 etymologici
591 2653 701 2714 codd
721 2675 798 2713 nunc
822 2663 957 2734 quartum
980 2653 1089 2714 addere
1110 2675 1278 2735 possumus:
1302 2663 1388 2736 etym.
1412 2676 1476 2734 gen.

332 2781 353 2819 s.
376 2780 404 2818 v.
429 2753 576 2842 Αχαιϊνέα
586 2755 610 2841 1)
633 2759 680 2837 (cf.
704 2768 792 2839 etym.
818 2782 854 2819 m.
882 2757 1035 2840 180,31):
1068 2759 1087 2841 ἡ
1121 2756 1251 2842 ἔλαφος·
1277 2757 1478 2830 Ἀπολλώνιος
1567 2773 1568 2786 ’

333 2849 406 2925 et
428 2867 487 2924 τῶν
516 2860 755 2946 Ἀργοναοτινῶν
789 2865 843 2947 adl
873 2865 898 2925 r'
930 2864 1082 2946 ἀγρῶσται
1112 2862 1267 2948 ἀχαιινέην
1297 2863 1475 2928 καλέουσινιι

333 2971 391 3048 (IV
410 2971 493 3049 175).
519 2966 577 3031 ἀπὸ
598 2969 770 3054 Ἀχαιῖνέας
793 2970 919 3048 πόλεως,
952 2969 982 3035 ἐν
1006 2961 1026 3054 ᾗ
1050 2963 1115 3052 ε’ίὸη
1141 2966 1212 3031 εἰσίν
1235 2967 1357 3054 ἐλάφων
1382 2969 1477 3053 μεγά-

334 3075 412 3137 λων
436 3072 530 3146 οὕτως
547 3063 639 3160 Ὧρος
663 3073 730 3160 περὶ
753 3075 889 3140 ἐθνικῶν.
922 3076 1001 3136 Orus
1018 3077 1067 3137 hic
1083 3077 1225 3136 schol-in
1241 3075 1341 3158 Apoll.
1357 3078 1403 3138 IV
1417 3081 1476 3138 175

335 3183 495 3261 exscripsit.

421 3286 576 3348 Accedunt
598 3295 750 3366 praeterea
775 3287 963 3366 etymologici
995 3305 1059 3366 gen.
1092 3287 1217 3365 glossae,
1249 3288 1352 3368 quihus
1384 3297 1479 3348 osten-

335 3391 421 3466 ditur,
453 3393 540 3450 etiam
572 3409 624 3469 per
644 3390 828 3450 Methodium
858 3392 998 3451 nonnulla
1027 3391 1138 3452 scholia
1160 3391 1260 3472 Apoll.
1284 3396 1315 3452 in
1338 3393 1479 3472 etymolo-

335 3499 432 3574 gicum
454 3499 584 3557 venisse:
608 3504 695 3576 etym.
719 3516 785 3572 gen.
809 3517 830 3556 s.
853 3519 881 3556 v.
904 3492 1032 3558 Ἀνταία
1054 3498 1102 3574 (cf.
1126 3504 1213 3576 etym.
1236 3518 1272 3556 m.
1300 3497 1476 3580 111,46)ἡ

331 3594 409 3663 Ῥέα
432 3601 476 3662 ὅτι
500 3601 560 3671 τοῖς
582 3596 719 3684 Τελχῖσιν
751 3597 869 3664 ἐναντία
898 3599 1024 3682 ἐγένετο.
1064 3597 1146 3684 παρὰ
1175 3597 1208 3662 τὸ
1241 3597 1329 3684 ἄντην
1361 3599 1476 3665 ἀνταία.
1567 3629 1568 3680 4

337 3695 499 3776 Μείίόδιος.
530 3707 614 3783 Quae
636 3715 751 3787 sumpta
773 3715 842 3767 sunt
864 3725 880 3768 e
902 3707 990 3768 schol.
1013 3707 1110 3788 Apoll.
1134 3709 1260 3768 11141.
1291 3709 1388 3788 Etym.
1412 3728 1477 3787 gen.
1567 3763 1568 3788 η

335 3834 355 3872 s.
379 3834 406 3872 v.
435 3807 654 3895 ’Alll⁰s⁰l²l³
689 3807 804 3896 εἴρηται
833 3809 875 3882 εἰς
906 3793 1121 3896 τὸιάμύρητον
1154 3821 1183 3873 et
1210 3835 1233 3873 s.
1255 3835 1284 3873 v.
1310 3809 1477 3895 Ἀμάρητον

335 3919 384 3997 (cf.
407 3927 443 3980 et.
467 3939 505 3979 m.
530 3920 580 3994 83,
596 3918 649 3996 16)
670 3912 703 3978 τὸ
726 3915 881 3981 ἀτέλεστον
904 3913 953 3980 καί
975 3915 1060 3988 τέλος
1088 3914 1128 4000 μὴ
1158 3914 1238 4002 ἕχον.
1270 3917 1289 4000 ἡ
1323 3914 1480 4002 μεταφορὰ
1567 3909 1568 3978 ί

336 4019 395 4085 ἀπὸ
432 4027 491 4086 τῶν
531 4020 628 4107 ἐρίων,
663 4021 792 4108 μήροτον
824 4019 876 4086 καί
907 4020 1067 4107 ἀμήρυτον.
1114 4018 1276 4092 Melenos
1320 4023 1355 4084 cf.
1388 4024 1479 4084 schol.
1567 4017 1568 4100 l

335 4127 425 4211 Apln.
442 4130 558 4190 11221.
580 4130 679 4209 Etym.
703 4148 766 4208 gen.
790 4150 812 4197 s.
835 4150 863 4189 v.
886 4119 1031 4210 ’Atytsvr
1052 4124 1202 4210 ἐπίρρημα
1226 4126 1398 4211 μεσότητος.
1422 4151 1479 4211 ση-
1567 4191 1568 4206 ,

338 4230 436 4315 μαίνει
459 4229 493 4294 δὲ
514 4229 548 4294 τὸ
563 4231 730 4318 ὁρμητικόν.
764 4227 825 4296 οἷον
844 4226 973 4314 ,ἀίγδην
990 4228 1082 4317 μέσας
1097 4227 1152 4300 σὺν,
1164 4228 1260 4316 ἀστέῳ
1275 4226 1339 4304 ἶνας
1354 4229 1477 4316 ἐκερσειι
1567 4241 1568 4274 l

410 4481 437 4548 1)
457 4479 497 4536 ef.
518 4479 714 4536 Reitzenstein.
733 4477 752 4534 l.
771 4493 793 4534 c.
813 4493 841 4548 p.
860 4479 921 4538 31⁷.

408 4570 437 4640 2)
456 4568 526 4624 Ibid.
546 4585 574 4638 p.
596 4569 631 4622 24
650 4573 678 4623 et
697 4570 740 4622 31.
