3194 5200
660 311 698 386 tl

195 491 322 561 Claudat
337 518 442 579 agmen
455 496 537 560 locus
552 507 640 580 etym.
655 518 721 578 gen.
743 520 765 560 a
788 520 815 560 ν.
837 487 999 581 Ἀριὴκοος
1021 493 1113 560 multo
1136 496 1256 574 auctior,

105 626 194 686 quam
217 609 345 688 quaein
368 615 456 686 etym.
478 626 516 667 m.
539 613 568 666 et
591 603 669 684 apud
691 604 840 665 Millerum
862 611 999 664 exstant:
1029 601 1161 686 ἐνήκοος.
1193 596 1253 663 οἷον

108 708 417 796 ,,ῥι’μφα-ὁρούαης“
447 711 694 792 (1V1707-8).
750 706 913 772 Μελάνιιοι
946 707 1050 793 πέτραι
1084 696 1257 792 ἀκρωτήρια

105 815 169 879 ἐστι
199 813 265 902 περὶ
289 815 390 900 Θήραν
422 813 476 900 τὴν
507 819 605 898 νῆσον.
638 813 753 898 ἐκλήθη
787 810 821 876 δὲ
850 812 945 886 οὕτως
969 810 1019 877 διὰ
1040 810 1089 876 τὸν
1113 809 1256 876 Μέλαντα

105 919 155 986 τὸν
181 919 243 987 υἱὸν
260 912 372 1002 Νάξου,
395 924 447 984 τοῦ
470 919 622 992 κτίσαντος
644 917 697 1004 τὴν
713 916 822 999 Νάξον,
846 918 973 984 πλέοντα
995 915 1068 1004 πρὸς
1090 917 1182 1002 αὐτῆς
1203 923 1257 1001 τῆς

107 1024 211 1098 Νάξου
234 1027 275 1100 εἰς
291 1025 393 1112 Θήραν
409 1023 475 1111 περὶ
498 1022 551 1097 τὰς
575 1023 666 1111 ἄκρας
688 1031 858 1110 ναυαγῆσαι
880 1025 1009 1090 ἐλθόντα
1030 1025 1081 1105 (oi.
1104 1024 1194 1086 schol.
1211 1025 1257 1086 IV

109 1137 203 1211 1707,
226 1133 305 1214 quod
319 1134 411 1192 multo
425 1133 543 1193 brevius
557 1131 624 1214 est).
657 1133 769 1192 Dicunt
784 1135 842 1191 viri
859 1131 936 1191 docti
949 1131 1106 1191 Melantios
1120 1129 1256 1210 scopulos

105 1243 180 1300 sitos
202 1261 264 1302 esse
286 1260 379 1321 prope
390 1241 506 1301 Tenum
523 1247 553 1300 et
567 1240 727 1319 Myconum
743 1239 855 1299 insulas
870 1249 899 1299 et
914 1241 1056 1300 erravisse
1071 1238 1257 1298 scholiastam

103 1365 197 1427 prope
219 1345 347 1406 Tberam
370 1365 421 1406 eos
442 1345 638 1405 collocantem.
686 1344 745 1405 Sed
768 1365 834 1404 cum
857 1344 952 1404 Melas
976 1365 993 1402 a
1015 1345 1102 1404 Naxo
1125 1347 1157 1402 in
1178 1343 1256 1403 The·
1335 1381 1337 1385 ·

104 1473 170 1512 ram
191 1451 379 1531 proficiscens
401 1454 432 1510 in
454 1451 604 1512 Melantiis
626 1450 753 1530 scopulis
775 1450 935 1528 naufragus
957 1449 1061 1525 luerit,
1091 1453 1144 1509 vix
1165 1469 1257 1531 prope

104 1556 223 1616 Tenum
245 1575 307 1616 esse
327 1565 465 1636 possunt,
495 1575 589 1635 neque
619 1558 707 1614 etiam
735 1575 817 1614 error
838 1563 952 1614 tantum
975 1563 1051 1614 esset
1072 1554 1256 1630 scholiastae,

104 1661 159 1722 sed
180 1662 373 1741 Apollonium
404 1665 498 1741 ipsum
529 1661 663 1741 scopulos
694 1681 786 1740 prope
808 1660 937 1719 Theram
967 1660 1123 1720 collocasse
1153 1679 1191 1720 ex
1221 1679 1255 1720 eo

103 1777 237 1848 apparet,
261 1766 339 1847 quod
361 1767 559 1844 Argonautae,
581 1775 738 1846 postquam
761 1765 871 1846 Apollo
893 1765 1047 1846 splendore
1070 1769 1150 1825 aurei
1173 1785 1256 1824 arcus

105 1893 144 1934 ex
176 1874 325 1934 Melantiis
356 1873 484 1953 scopulis
516 1875 610 1934 noctis
641 1873 797 1951 caliginem
830 1872 1006 1948 illustravit,
1041 1871 1080 1930 ad
1112 1870 1256 1951 Anaphen

103 1979 232 2038 insulam
267 1979 456 2060 appulerunt,
499 1999 574 2060 quae
605 1982 676 2038 item
705 1998 796 2058 prope
828 1978 957 2039 Theram
988 1980 1045 2039 sita
1072 1985 1116 2038 cst
1147 1977 1194 2058 (cf.
1225 1998 1254 2039 v.

103 2085 152 2144 IV
170 2087 252 2144 1706
265 2085 324 2164 ss).

575 2249 782 2262 ——n——nn

520 2410 651 2502 Caput
672 2413 844 2484 tertium.

647 2565 661 2630 e
688 2563 713 2618 1.

194 2679 375 2740 Scholiorum
397 2683 428 2741 in
443 2681 633 2762 Apollonium
651 2681 800 2742 Rhodium
822 2683 934 2760 molem,
957 2703 1032 2764 quae
1054 2687 1084 2743 in
1108 2683 1257 2744 codicibus

103 2782 240 2860 traditur,
263 2807 323 2846 non
345 2790 432 2847 unius
454 2787 580 2848 hominis
603 2809 676 2870 opus
698 2809 761 2849 esse
784 2788 958 2869 subscriptio
975 2790 1149 2850 scholiorum
1169 2799 1256 2850 testa·

103 2900 168 2950 tur:
191 2881 366 2974 παράκειται
389 2887 426 2955 τὰ
451 2893 558 2978 σχόλια
582 2892 615 2954 ἐκ
638 2897 698 2956 τῶν
720 2892 885 2956 Λουκίλλου
908 2889 1058 2977 Ταῤῥαίου
1080 2891 1130 2957 καὶ
1153 2892 1256 2978 Σοφο-

103 2992 211 3066 κλέους
233 2991 282 3059 rai
306 2995 433 3069 Θέωνος.
479 2989 582 3084 Τάῤῥα
604 2998 688 3070 πόλις
713 2995 851 3084 Κρήτης,
885 2999 926 3070 ὣς
960 3019 1036 3082 φησι
1059 2998 1201 3082 Λογγῖνος
1224 2999 1255 3062 ἐν

104 3098 284 3183 Φιλολόγοις
308 3105 346 3184 (p.
373 3107 445 3180 532,
459 3107 496 3164 15
513 3106 564 3185 K).
611 3105 725 3165 Scimus
747 3106 900 3165 Thoonem
923 3105 1083 3185 quendam,
1112 3127 1255 3183 gramma-

103 3209 198 3267 ticum
221 3207 468 3285 Alexandrinum,
491 3209 687 3285 Artemidori,
716 3211 915 3270 bucolicorum
944 3215 1105 3271 carminum
1128 3211 1255 3287 editoris,

103 3309 214 3386 filium,
246 3315 295 3393 qui
327 3317 358 3372 in
381 3315 531 3374 Theocriti
564 3318 691 3375 carmina
721 3337 738 3375 a
767 3325 850 3396 patre
873 3316 995 3375 collecta
1018 3319 1256 3377 commentarium

104 3421 268 3496 composuit
278 3414 310 3494 ¹).
354 3420 401 3479 De
432 3429 562 3500 tempore
592 3424 654 3481 eius
685 3423 761 3480 inter
793 3439 893 3481 omnes
924 3421 983 3481 fere
1015 3432 1143 3482 constat:
1178 3426 1264 3500 vixit·

104 3524 184 3581 enim
201 3522 398 3584 Alexandriae
414 3525 542 3604 Augusti
564 3527 624 3587 fere
646 3527 778 3608 aequalis
790 3525 821 3605 ²).
867 3527 896 3586 A
911 3527 1033 3587 Theone
1051 3529 1150 3612 aliquo
1167 3533 1254 3590 etiam

103 3629 259 3703 Homerus,
281 3629 439 3706 Nicander,
461 3632 627 3712 Lycophro,
651 3632 857 3708 Callimachus,
879 3633 1002 3694 fortasse
1025 3644 1054 3694 et
1076 3631 1252 3712 Pindarus³)

103 3742 211 3814 poetae
233 3735 373 3816 explicati
396 3745 471 3813 sunt,
497 3758 619 3818 quorum
642 3741 914 3798 commentariorum
937 3742 1041 3818 quiin
1063 3739 1254 3819 Apollonium

180 3955 206 4024 1)
225 3954 266 4011 Οἳ.
285 3962 365 4027 etym.
385 3975 420 4014 m.
441 3959 500 4026 160,
512 3962 561 4030 303
584 3961 641 4028 1⁴4,
653 3963 701 4030 503
720 3960 836 4028 Ahrens,
857 3959 922 4014 Buc.
943 3958 989 4014 Gr.
1003 3959 1029 4015 ll
1047 3976 1074 4030 p.
1088 3959 1193 4016 XXVII
1202 3976 1254 4031 ss.;

103 4045 188 4101 Giese
206 4043 240 4099 de
259 4043 371 4102 Theone
390 4063 502 4116 gramm.
521 4050 593 4105 Dias.
614 4049 735 4105 Monaat.
758 4053 825 4106 1867
845 4067 871 4120 p.
892 4053 972 4106 ssssss.

177 4135 205 4208 2)
223 4135 450 4194 Wilamowitaius
476 4155 563 4210 nuper
582 4141 668 4197 Caelii
686 4141 830 4196 Aureliani
856 4140 955 4197 medici
982 4141 1141 4198 testimonio
1167 4141 1253 4198 allato

102 4227 310 4286 Artemidorum
337 4248 377 4288 ca.
403 4249 503 4290 annum
527 4239 562 4292 70
587 4235 774 4292 Alexandriae
799 4244 936 4292 mortuum
962 4252 1023 4293 esse
1049 4235 1253 4292 demonstravit,

103 4319 147 4378 Gi.
167 4319 259 4376 Herm.
280 4321 331 4377 νοΙ.
351 4323 454 4381 XXXV
473 4342 500 4396 p.
520 4329 587 4398 5433
607 4334 635 4383 et
654 4327 742 4384 libelli
761 4326 900 4397 „Adooia“
920 4344 947 4397 p.
967 4331 1010 4381 32.

177 4410 206 4482 3)
226 4410 266 4468 cl.
280 4403 362 4470 Giesc
380 4429 407 4486 p.
421 4417 454 4472 41
475 4423 618 4478 utcontra
637 4434 698 4476 eum
710 4417 836 4478 Wentael
855 4415 1014 4494 Ἐπιιιλήοιις
1033 4414 1083 4474 vn
1101 4431 1127 4488 p.
1139 4415 1254 4474 87—40.
