3194 5200
865 450 906 520 lt

312 621 362 693 acl
380 627 511 715 ζήαεεθε
529 680 535 694 .
550 680 554 692 .
569 679 574 692 .
591 629 639 694 vsi
662 630 750 693 schol.
773 631 867 694 1836
885 626 967 718 palla
983 651 1046 695 aaut
1072 627 1181 707 ὁνοός,
1205 626 1270 696 λίαν
1288 631 1360 717 ἡμῖν
1382 629 1464 698 ἐστιν

314 734 437 822 ἀρεστὸν
450 739 549 823 τυχεῖν
563 739 605 801 ὧν
618 735 727 824 ἔχομεν
742 736 856 823 χρείαν,
874 733 909 800 cb
925 734 958 801 δὲ
974 735 1086 822 ὁμοίως
1100 736 1199 809 δίδως.
1224 740 1275 801 νῦν
1290 735 1323 802 τὸ
1340 737 1463 814 ὀπάζεις

313 845 407 906 κεῖται
440 841 504 907 ἀντὶ
536 847 588 907 τοῦ
625 843 732 920 didam
765 845 821 906 vel.
845 846 934 906 schol.
958 847 1050 906 1919
1083 845 1135 906 ubi
1165 849 1291 927 primum
1322 846 1360 907 da
1390 869 1463 910 voce

312 948 446 1034 προτέρω
470 955 568 1030 agitur
590 950 697 1012 deinde
718 956 864 1032 pergitur:
896 949 990 1012 κεῖται
1013 945 1047 1011 δὲ
1070 952 1120 1012 νῦν
1143 954 1389 1036 καταχρηστικῶς
1411 950 1462 1016 ἐπὶ

311 1059 363 1118 τοῦ
396 1056 495 1138 λόγου.
542 1057 557 1118 ὁ
592 1053 649 1142 γὰρ
684 1059 750 1130 νοῦς
888 1059 924 1118 In
958 1057 1066 1118 talibus
1099 1077 1169 1118 vero
1202 1050 1247 1119 ut*
1268 1079 1461 1142 secernamus,

312 1183 387 1244 quae
418 1163 456 1223 ad
488 1164 600 1224 scholia
631 1167 792 1224 recentiora
820 1172 850 1224 et
879 1167 1043 1244 antiquiora
1065 1167 1246 1245 pertincant,
1269 1165 1349 1226 nullo
1371 1165 1460 1226 modo

311 1269 375 1328 fieri
405 1278 506 1350 potest.
551 1271 656 1350 Neque
687 1273 765 1330 enim
797 1268 968 1347 dignoscere
998 1289 1158 1349 possumus,
1191 1278 1288 1330 utrrnn
1319 1269 1463 1331 scholium

312 1374 431 1455 aliquod
454 1395 506 1454 per
527 1375 662 1434 librarios
683 1378 740 1449 ita,
763 1384 795 1434 ut
817 1378 848 1434 in
871 1373 1023 1434 codicibus
1047 1373 1185 1450 traditur,
1209 1373 1390 1436 decurtatum
1414 1380 1463 1454 sit,

312 1502 350 1539 an
381 1479 450 1540 inde
481 1480 519 1540 ab
552 1483 637 1540 initio
668 1479 789 1540 eandem
821 1480 943 1540 lomram
971 1479 1120 1555 hahuerit,
1150 1501 1244 1562 neque
1267 1485 1384 1542 omnino
1409 1491 1462 1559 est,

313 1586 392 1667 quod
414 1586 504 1647 breve
525 1585 556 1645 id
580 1605 673 1665 genus
696 1587 926 1668 explicationum
948 1585 986 1645 ab
1013 1589 1142 1666 antiquis
1171 1586 1290 1647 scholiis
1312 1586 1463 1650 abiudica-

313 1711 384 1749 mus.
432 1691 574 1751 Conferas
596 1695 673 1751 enim
696 1711 803 1773 quaeso
833 1694 921 1751 etiam
951 1691 999 1750 hio
1021 1691 1182 1771 pennultes
1205 1691 1273 1751 illas
1294 1691 1409 1770 glossas
1430 1695 1463 1753 in

312 1819 425 1877 papyro
447 1800 505 1856 iam
529 1800 646 1877 saepius
668 1806 829 1856 memorata
851 1795 984 1858 traditas.
1030 1795 1088 1856 Sed
1117 1805 1214 1857 tamen
1243 1795 1352 1856 indicia
1374 1817 1463 1877 quae·

313 1902 381 1962 dam
416 1911 547 1977 exstant,
581 1912 615 1962 ut
647 1903 802 1962 nonnullas
836 1902 938 1961 saltem
971 1910 1068 1982 partes
1103 1901 1280 1962 scholiorum
1313 1921 1463 1964 secernere

313 2010 465 2088 possimus.
512 2009 633 2068 Praeter
655 2029 765 2088 paucos
794 2007 862 2067 illos
891 2007 985 2081 locos,
1018 2007 1123 2087 quibus
1153 2008 1204 2066 alii
1233 2011 1388 2088 scriptores
1410 2009 1462 2069 Sc-

311 2114 417 2194 phocle
438 2123 472 2173 ut
493 2113 612 2174 videtur
633 2117 807 2194 posteriores
829 2122 1091 2174 commemorantur
1100 2109 1140 2193 ¹),
1167 2116 1194 2174 ei
1216 2117 1374 2194 praecipue
1395 2114 1462 2189 loci,

312 2220 342 2276 in
365 2218 471 2298 quibus
487 2218 673 2278 Herodianus
688 2222 855 2280 nominatur
877 2219 924 2279 vel
948 2221 1054 2278 omisso
1077 2221 1192 2278 nomine
1214 2222 1376 2279 sententias
1399 2221 1462 2278 eius

315 2322 515 2403 proferuntur,
547 2345 564 2382 a
594 2327 784 2401 grammatico
814 2324 960 2382 inferioris
983 2325 1088 2384 aetatis
1110 2321 1205 2382 additi
1230 2342 1294 2383 esse
1315 2321 1461 2382 videntur.

311 2429 423 2503 Locos,
457 2429 507 2488 ubi
530 2427 693 2488 Herodiani
717 2447 822 2487 nomen
845 2427 941 2488 adhuc
964 2436 1075 2503 exstat,
1107 2448 1144 2487 ex
1174 2427 1272 2488 iudice
1302 2435 1462 2504 auctorum,

312 2555 370 2614 quo
392 2533 509 2592 Keilius
531 2533 689 2594 editionem
712 2533 888 2593 scholiorum
911 2537 1079 2608 exornavit,
1111 2534 1197 2594 facile
1220 2533 1355 2613 colliges3
1389 2555 1462 2614 quos

312 2659 419 2718 augere
441 2637 562 2700 studens
576 2641 717 2700 Lentzius
732 2643 763 2698 in
785 2639 968 2720 praefatione
989 2639 1060 2699 libri
1082 2639 1120 2700 de
1141 2638 1306 2700 Herodiani
1328 2639 1462 2720 reliquiis

312 2746 351 2826 (p.
377 2749 438 2806 216
451 2747 501 2826 ss.)
524 2746 617 2805 multa
639 2746 698 2804 alia
721 2746 833 2804 scholia
854 2745 1024 2805 Herodiano
1047 2745 1219 2820 vindicavit,
1240 2745 1301 2820 sed,
1323 2753 1357 2804 ut
1379 2745 1461 2821 solet,

311 2855 431 2912 nimium
463 2855 488 2911 ci
521 2851 657 2912 tribuens.
711 2852 789 2911 Nam
818 2851 911 2910 sicubi
941 2851 989 2910 vel
1011 2854 1181 2911 tenuissima
1203 2849 1362 2911 similitudo
1384 2853 1462 2910 inter

312 2957 453 3016 scholium
477 2957 706 3036 Apollonianum
728 2965 757 3016 et
779 2956 876 3016 locum
898 2956 1025 3037 aliquem
1047 2957 1211 3016 Herodiani
1233 2955 1397 3016 intercedat
1418 2992 1462 3002 -

311 3062 390 3143 quod
421 3061 540 3142 quidem
571 3084 629 3122 non
663 3083 728 3122 raro
758 3062 820 3122 ficri
848 3083 901 3144 pro
924 3062 1028 3121 talium
1051 3062 1286 3122 observationum
1308 3061 1463 3124 crebritate

312 3188 395 3227 ncrno
418 3167 635 3230 mirabitur-
658 3188 695 3227 ex
717 3167 887 3228 Herodiano
916 3169 972 3227 hoc
994 3167 1143 3231 ,scholium
1172 3167 1376 3249 depromptum
1399 3186 1464 3228 esse

312 3274 442 3351 colligit,
469 3295 538 3356 ¹cum
571 3282 686 3348 contra,
717 3273 766 3332 ubi
800 3274 913 3332 scholia
942 3294 1007 3332 cum
1030 3272 1218 3333 Herodianea
1247 3271 1381 3332 doctrina
1403 3292 1463 3332 non

312 3383 469 3440 convenire
491 3383 555 3461 ipsc
577 3379 736 3440 concedere
759 3379 854 3454 debet,
876 3380 949 3438 haec
975 3379 1161 3453 „futilissima
1179 3379 1348 3438 inferiorum
1364 3397 1461 3455 gram-

310 3489 481 3546 maticorum
505 3489 643 3546 inventa“
668 3505 732 3546 esse
749 3485 869 3548 iudicet.
915 3486 958 3545 Ut
980 3485 1115 3565 exempla
1137 3485 1264 3559 afferam,
1286 3483 1463 3563 persuadere

310 3590 383 3649 mihi
406 3611 471 3650 cum
493 3592 615 3651 Lentzio
638 3611 696 3650 non
718 3612 837 3671 possum
860 3611 898 3650 ex
920 3589 1090 3649 Herodiano
1113 3593 1145 3648 in
1167 3589 1279 3648 scholia
1293 3590 1463 3667 pervenisse

310 3695 399 3756 schol.
423 3698 518 3756 1204
542 3694 689 3779 (σιφλός);
712 3697 800 3756 schol.
824 3697 918 3756 1275
943 3693 1116 3780 (ὀρεχθεῖν),
1139 3714 1215 3775 quac
1237 3692 1348 3753 scholia
1363 3695 1463 3774 potius

312 3801 439 3861 elexico
456 3802 622 3877 Homerico,
645 3801 761 3883 dequo
784 3805 883 3862 statim
906 3801 1062 3862 dicendum
1085 3804 1150 3875 erit,
1172 3801 1292 3860 fluxisse
1314 3797 1461 3861 videntur.

310 3908 347 3966 In
378 3907 463 3982 aliis,
495 3927 571 3988 quae
601 3909 691 3983 affert,
724 3908 842 3968 scholiis
863 3909 926 3968 fieri
950 3927 1019 3968 sanc
1040 3915 1144 3988 potest,
1175 3915 1209 3966 ut
1230 3906 1268 3966 ab
1290 3903 1462 3966 Herodiano

308 4015 401 4092 petita
434 4015 508 4088 sint,
542 3998 732 4073 demonstrari
765 4035 823 4074 non
856 4022 962 4095 potest.
1009 4013 1076 4090 Qua
1108 4012 1146 4073 dc
1180 4032 1268 4072 causa
1300 4013 1388 4071 etiam
1423 4009 1462 4070 de

309 4120 438 4178 maxima
460 4129 544 4199 parte
567 4139 666 4180 eorum
689 4120 878 4195 scholiorum,
912 4140 987 4201 quac
1009 4117 1047 4178 ad
1070 4118 1282 4180 derivationem
1305 4115 1462 4176 verborum

313 4231 343 4284 ct
365 4223 403 4283 ad
425 4225 594 4306 prosodiam
617 4235 758 4306 spectant,
780 4225 859 4286 unde
881 4234 911 4286 ct
932 4245 990 4307 quo
1012 4233 1143 4306 tempore
1164 4227 1197 4284 in
1219 4243 1325 4304 corpus
1340 4221 1464 4282 scholio-

301 4350 374 4396 rum
396 4334 540 4407 venerint,
564 4334 594 4390 in
616 4331 706 4392 dubio
721 4331 943 4413 relinquendum
966 4339 1017 4394 est.
1063 4331 1155 4395 Cuius
1173 4332 1288 4410 generis
1302 4329 1463 4410 specimina

317 4475 526 4498 ——n-—na

383 4557 410 4634 i)
429 4556 622 4626 Wilamovita,
638 4555 748 4616 Haracl.
768 4557 801 4613 1¹
820 4573 847 4629 p.
872 4557 922 4615 lec
942 4573 985 4615 nc.
1007 4558 1066 4614 181.
