<?xml version="1.0" encoding="UTF-8"?>
<!DOCTYPE html PUBLIC "-//W3C//DTD XHTML 1.0 Transitional//EN"
    "http://www.w3.org/TR/xhtml1/DTD/xhtml1-transitional.dtd">
<html xmlns="http://www.w3.org/1999/xhtml" xml:lang="en" lang="en">
 <head>
  <title>
</title>
<meta http-equiv="Content-Type" content="text/html;charset=utf-8" />
  <meta name='ocr-system' content='tesseract 3.04.00' />
  <meta name='ocr-capabilities' content='ocr_page ocr_carea ocr_par ocr_line ocrx_word'/>
</head>
<body>
  <div class='ocr_page' id='page_1' title='image "./descholiisinapo00deicgoog_0058.png"; bbox 0 0 3194 5200; ppageno 0'>
   <div class='ocr_carea' id='block_1_1' title="bbox 731 383 769 448">
    <p class='ocr_par' dir='ltr' id='par_1_1' title="bbox 731 383 769 448">
     <span class='ocr_line' id='line_1_1' title="bbox 731 383 769 448; baseline 0 0"><span class='ocrx_word' id='word_1_1' title='bbox 731 383 769 448; x_wconf 78' lang='lat' dir='ltr'>tt</span> 
     </span>
    </p>
   </div>
   <div class='ocr_carea' id='block_1_2' title="bbox 175 557 1346 854">
    <p class='ocr_par' dir='ltr' id='par_1_2' title="bbox 175 557 1346 854">
     <span class='ocr_line' id='line_1_2' title="bbox 175 557 1323 643; baseline -0.002 -19"><span class='ocrx_word' id='word_1_2' title='bbox 175 579 239 624; x_wconf 84' lang='lat' dir='ltr'>esso</span> <span class='ocrx_word' id='word_1_3' title='bbox 272 581 330 624; x_wconf 92' lang='lat' dir='ltr'>non</span> <span class='ocrx_word' id='word_1_4' title='bbox 361 558 506 637; x_wconf 88' lang='lat' dir='ltr'>videntur,</span> <span class='ocrx_word' id='word_1_5' title='bbox 537 557 688 643; x_wconf 85' lang='lat' dir='ltr'>profertur,</span> <span class='ocrx_word' id='word_1_6' title='bbox 721 559 909 622; x_wconf 87' lang='lat' dir='ltr'>scholiastam</span> <span class='ocrx_word' id='word_1_7' title='bbox 941 559 1057 622; x_wconf 84' lang='lat' dir='ltr'>lexicon</span> <span class='ocrx_word' id='word_1_8' title='bbox 1089 559 1210 643; x_wconf 83' lang='lat' dir='ltr'><strong>aliquod</strong></span> <span class='ocrx_word' id='word_1_9' title='bbox 1241 559 1323 622; x_wconf 89' lang='lat' dir='ltr'>adhi-</span> 
     </span>
     <span class='ocr_line' id='line_1_3' title="bbox 175 667 1324 748; baseline 0 -20"><span class='ocrx_word' id='word_1_10' title='bbox 175 669 288 743; x_wconf 89' lang='lat' dir='ltr'>buisse,</span> <span class='ocrx_word' id='word_1_11' title='bbox 318 671 350 728; x_wconf 92' lang='lat' dir='ltr'>in</span> <span class='ocrx_word' id='word_1_12' title='bbox 378 690 436 748; x_wconf 91' lang='lat' dir='ltr'>quo</span> <span class='ocrx_word' id='word_1_13' title='bbox 458 667 584 748; x_wconf 87' lang='lat' dir='ltr'>Didymi</span> <span class='ocrx_word' id='word_1_14' title='bbox 613 671 787 728; x_wconf 89' lang='lat' dir='ltr'>sententiam</span> <span class='ocrx_word' id='word_1_15' title='bbox 818 689 884 728; x_wconf 91' lang='lat' dir='ltr'>cum</span> <span class='ocrx_word' id='word_1_16' title='bbox 913 669 1036 728; x_wconf 90' lang='lat' dir='ltr'>aliorum</span> <span class='ocrx_word' id='word_1_17' title='bbox 1067 671 1251 728; x_wconf 87' lang='lat' dir='ltr'>coniunctam</span> <span class='ocrx_word' id='word_1_18' title='bbox 1280 672 1324 728; x_wconf 90' lang='lat' dir='ltr'>in-</span> 
     </span>
     <span class='ocr_line' id='line_1_4' title="bbox 175 772 1346 854; baseline -0.002 -20"><span class='ocrx_word' id='word_1_19' title='bbox 175 777 299 849; x_wconf 84' lang='lat' dir='ltr'>venerit,</span> <span class='ocrx_word' id='word_1_20' title='bbox 331 773 553 834; x_wconf 87' lang='lat' dir='ltr'>demonstratur.</span> <span class='ocrx_word' id='word_1_21' title='bbox 598 773 732 849; x_wconf 83' lang='lat' dir='ltr'>Accedit,</span> <span class='ocrx_word' id='word_1_22' title='bbox 764 772 842 854; x_wconf 90' lang='lat' dir='ltr'>quod</span> <span class='ocrx_word' id='word_1_23' title='bbox 873 795 972 834; x_wconf 90' lang='lat' dir='ltr'>omnes</span> <span class='ocrx_word' id='word_1_24' title='bbox 1004 775 1063 834; x_wconf 88' lang='lat' dir='ltr'>fera</span> <span class='ocrx_word' id='word_1_25' title='bbox 1094 775 1126 832; x_wconf 90' lang='lat' dir='ltr'>hi</span> <span class='ocrx_word' id='word_1_26' title='bbox 1156 775 1213 833; x_wconf 90' lang='lat' dir='ltr'>loci</span> <span class='ocrx_word' id='word_1_27' title='bbox 1245 774 1346 854; x_wconf 80' lang='lat' dir='ltr'>apud·</span> 
     </span>
    </p>
   </div>
   <div class='ocr_carea' id='block_1_3' title="bbox 175 878 1451 960">
    <p class='ocr_par' dir='ltr' id='par_1_3' title="bbox 175 878 1451 960">
     <span class='ocr_line' id='line_1_5' title="bbox 175 878 1451 960; baseline -0.001 -20"><span class='ocrx_word' id='word_1_28' title='bbox 175 879 360 960; x_wconf 89' lang='lat' dir='ltr'>Hesychium</span> <span class='ocrx_word' id='word_1_29' title='bbox 391 880 537 938; x_wconf 82' lang='lat' dir='ltr'><strong>simillime</strong></span> <span class='ocrx_word' id='word_1_30' title='bbox 569 878 704 954; x_wconf 88' lang='lat' dir='ltr'>redeunt,</span> <span class='ocrx_word' id='word_1_31' title='bbox 736 887 769 938; x_wconf 88' lang='lat' dir='ltr'>ut</span> <span class='ocrx_word' id='word_1_32' title='bbox 800 882 942 938; x_wconf 87' lang='lat' dir='ltr'>communi</span> <span class='ocrx_word' id='word_1_33' title='bbox 974 880 1055 938; x_wconf 85' lang='lat' dir='ltr'>fonte</span> <span class='ocrx_word' id='word_1_34' title='bbox 1085 900 1169 938; x_wconf 90' lang='lat' dir='ltr'>usum</span> <span class='ocrx_word' id='word_1_35' title='bbox 1201 899 1264 938; x_wconf 79' lang='lat' dir='ltr'>csse</span> <span class='ocrx_word' id='word_1_36' title='bbox 1296 889 1324 939; x_wconf 89' lang='lat' dir='ltr'>et</span> <span class='ocrx_word' id='word_1_37' title='bbox 1445 880 1451 886; x_wconf 81' lang='grc'><strong>’</strong></span> 
     </span>
    </p>
   </div>
   <div class='ocr_carea' id='block_1_4' title="bbox 175 985 1324 3051">
    <p class='ocr_par' dir='ltr' id='par_1_4' title="bbox 176 985 1324 1383">
     <span class='ocr_line' id='line_1_6' title="bbox 176 985 1323 1064; baseline -0.001 -19"><span class='ocrx_word' id='word_1_38' title='bbox 176 985 363 1045; x_wconf 88' lang='lat' dir='ltr'>scholiastam</span> <span class='ocrx_word' id='word_1_39' title='bbox 396 985 547 1064; x_wconf 90' lang='lat' dir='ltr'>Apollonii</span> <span class='ocrx_word' id='word_1_40' title='bbox 577 993 607 1044; x_wconf 90' lang='lat' dir='ltr'>et</span> <span class='ocrx_word' id='word_1_41' title='bbox 637 985 819 1064; x_wconf 87' lang='lat' dir='ltr'>Hesychium</span> <span class='ocrx_word' id='word_1_42' title='bbox 851 985 1010 1044; x_wconf 86' lang='lat' dir='ltr'>verisimile</span> <span class='ocrx_word' id='word_1_43' title='bbox 1042 985 1100 1044; x_wconf 89' lang='lat' dir='ltr'>fiat.</span> <span class='ocrx_word' id='word_1_44' title='bbox 1154 986 1323 1064; x_wconf 82' lang='lat' dir='ltr'>Hesychius</span> 
     </span>
     <span class='ocr_line' id='line_1_7' title="bbox 176 1089 1324 1170; baseline 0 -20"><span class='ocrx_word' id='word_1_45' title='bbox 176 1100 273 1150; x_wconf 84' lang='lat' dir='ltr'>autem</span> <span class='ocrx_word' id='word_1_46' title='bbox 304 1091 536 1168; x_wconf 88' lang='lat' dir='ltr'>Diogenianum,</span> <span class='ocrx_word' id='word_1_47' title='bbox 572 1091 776 1168; x_wconf 86' lang='lat' dir='ltr'>Diogenianus</span> <span class='ocrx_word' id='word_1_48' title='bbox 807 1090 957 1170; x_wconf 84' lang='lat' dir='ltr'><strong>Pamphili</strong></span> <span class='ocrx_word' id='word_1_49' title='bbox 990 1111 1063 1170; x_wconf 89' lang='lat' dir='ltr'>opus</span> <span class='ocrx_word' id='word_1_50' title='bbox 1094 1089 1168 1148; x_wconf 89' lang='lat' dir='ltr'>illud</span> <span class='ocrx_word' id='word_1_51' title='bbox 1198 1094 1324 1150; x_wconf 86' lang='lat' dir='ltr'>immane</span> 
     </span>
     <span class='ocr_line' id='line_1_8' title="bbox 177 1195 1323 1276; baseline -0.001 -20"><span class='ocrx_word' id='word_1_52' title='bbox 177 1199 329 1276; x_wconf 77' lang='lat' dir='ltr'>excerpsit.</span> <span class='ocrx_word' id='word_1_53' title='bbox 376 1195 499 1276; x_wconf 76' lang='lat' dir='ltr'>Opinati</span> <span class='ocrx_word' id='word_1_54' title='bbox 527 1199 618 1274; x_wconf 87' lang='lat' dir='ltr'>igitur</span> <span class='ocrx_word' id='word_1_55' title='bbox 640 1195 766 1256; x_wconf 79' lang='lat' dir='ltr'>fortasse</span> <span class='ocrx_word' id='word_1_56' title='bbox 787 1197 857 1254; x_wconf 89' lang='lat' dir='ltr'>licet</span> <span class='ocrx_word' id='word_1_57' title='bbox 879 1199 967 1255; x_wconf 89' lang='lat' dir='ltr'>etiam</span> <span class='ocrx_word' id='word_1_58' title='bbox 988 1199 1175 1276; x_wconf 86' lang='lat' dir='ltr'>interpretem</span> <span class='ocrx_word' id='word_1_59' title='bbox 1198 1196 1323 1276; x_wconf 80' lang='lat' dir='ltr'><strong>aliquem</strong></span> 
     </span>
     <span class='ocr_line' id='line_1_9' title="bbox 176 1301 1155 1383; baseline -0.002 -21"><span class='ocrx_word' id='word_1_60' title='bbox 176 1301 328 1383; x_wconf 88' lang='lat' dir='ltr'>Apollonii</span> <span class='ocrx_word' id='word_1_61' title='bbox 350 1301 407 1360; x_wconf 94' lang='lat' dir='ltr'>hoc</span> <span class='ocrx_word' id='word_1_62' title='bbox 429 1323 501 1381; x_wconf 89' lang='lat' dir='ltr'>opus</span> <span class='ocrx_word' id='word_1_63' title='bbox 524 1304 556 1361; x_wconf 93' lang='lat' dir='ltr'>in</span> <span class='ocrx_word' id='word_1_64' title='bbox 579 1305 793 1362; x_wconf 88' lang='lat' dir='ltr'>commentariis</span> <span class='ocrx_word' id='word_1_65' title='bbox 815 1301 957 1360; x_wconf 85' lang='lat' dir='ltr'>faciendis</span> <span class='ocrx_word' id='word_1_66' title='bbox 980 1301 1155 1360; x_wconf 83' lang='lat' dir='ltr'>adhibuisse.</span> 
     </span>
    </p>

    <p class='ocr_par' dir='ltr' id='par_1_5' title="bbox 176 1405 1324 1802">
     <span class='ocr_line' id='line_1_10' title="bbox 262 1405 1324 1487; baseline -0.001 -21"><span class='ocrx_word' id='word_1_67' title='bbox 262 1406 312 1466; x_wconf 89' lang='lat' dir='ltr'>Ad</span> <span class='ocrx_word' id='word_1_68' title='bbox 334 1405 412 1466; x_wconf 90' lang='lat' dir='ltr'>idem</span> <span class='ocrx_word' id='word_1_69' title='bbox 429 1407 553 1482; x_wconf 82' lang='lat' dir='ltr'>lexicon,</span> <span class='ocrx_word' id='word_1_70' title='bbox 577 1407 772 1487; x_wconf 86' lang='lat' dir='ltr'>quodcunque</span> <span class='ocrx_word' id='word_1_71' title='bbox 794 1405 825 1464; x_wconf 92' lang='lat' dir='ltr'>id</span> <span class='ocrx_word' id='word_1_72' title='bbox 852 1416 921 1482; x_wconf 91' lang='lat' dir='ltr'>erat,</span> <span class='ocrx_word' id='word_1_73' title='bbox 945 1415 1096 1486; x_wconf 89' lang='lat' dir='ltr'>praetcrea</span> <span class='ocrx_word' id='word_1_74' title='bbox 1117 1407 1190 1466; x_wconf 88' lang='lat' dir='ltr'>haec</span> <span class='ocrx_word' id='word_1_75' title='bbox 1213 1407 1324 1466; x_wconf 90' lang='lat' dir='ltr'>scholia</span> 
     </span>
     <span class='ocr_line' id='line_1_11' title="bbox 176 1507 1323 1591; baseline -0.003 -18"><span class='ocrx_word' id='word_1_76' title='bbox 176 1511 271 1573; x_wconf 86' lang='lat' dir='ltr'>redire</span> <span class='ocrx_word' id='word_1_77' title='bbox 293 1512 446 1572; x_wconf 86' lang='lat' dir='ltr'>videntur:</span> <span class='ocrx_word' id='word_1_78' title='bbox 478 1512 677 1572; x_wconf 82' lang='lat' dir='ltr'>sch.11337</span> <span class='ocrx_word' id='word_1_79' title='bbox 704 1512 741 1572; x_wconf 88' lang='lat' dir='ltr'>de</span> <span class='ocrx_word' id='word_1_80' title='bbox 772 1533 844 1572; x_wconf 88' lang='lat' dir='ltr'>voce</span> <span class='ocrx_word' id='word_1_81' title='bbox 876 1507 1056 1589; x_wconf 73' lang='grc' dir='ltr'>ἐκυδάσσαο,</span> <span class='ocrx_word' id='word_1_82' title='bbox 1091 1533 1216 1591; x_wconf 92' lang='lat' dir='ltr'>quocum</span> <span class='ocrx_word' id='word_1_83' title='bbox 1248 1534 1323 1571; x_wconf 86' lang='lat' dir='ltr'>com-</span> 
     </span>
     <span class='ocr_line' id='line_1_12' title="bbox 176 1617 1323 1699; baseline 0.001 -23"><span class='ocrx_word' id='word_1_84' title='bbox 176 1637 263 1698; x_wconf 87' lang='lat' dir='ltr'>pares</span> <span class='ocrx_word' id='word_1_85' title='bbox 285 1617 373 1677; x_wconf 86' lang='lat' dir='ltr'>schol.</span> <span class='ocrx_word' id='word_1_86' title='bbox 398 1621 429 1676; x_wconf 90' lang='lat' dir='ltr'>in</span> <span class='ocrx_word' id='word_1_87' title='bbox 453 1617 541 1698; x_wconf 86' lang='lat' dir='ltr'>Soph.</span> <span class='ocrx_word' id='word_1_88' title='bbox 565 1617 614 1680; x_wconf 84' lang='grc' dir='ltr'>Αἰ.</span> <span class='ocrx_word' id='word_1_89' title='bbox 641 1621 702 1678; x_wconf 77' lang='lat'>722</span> <span class='ocrx_word' id='word_1_90' title='bbox 727 1618 780 1697; x_wconf 85' lang='lat'>(=</span> <span class='ocrx_word' id='word_1_91' title='bbox 801 1617 904 1697; x_wconf 67' lang='lat' dir='ltr'>Saul),</span> <span class='ocrx_word' id='word_1_92' title='bbox 928 1617 1007 1699; x_wconf 88' lang='lat' dir='ltr'>quod</span> <span class='ocrx_word' id='word_1_93' title='bbox 1028 1621 1097 1677; x_wconf 89' lang='lat' dir='ltr'>item</span> <span class='ocrx_word' id='word_1_94' title='bbox 1113 1617 1238 1698; x_wconf 87' lang='lat' dir='ltr'>Didymi</span> <span class='ocrx_word' id='word_1_95' title='bbox 1260 1637 1323 1677; x_wconf 87' lang='lat' dir='ltr'>esse</span> 
     </span>
     <span class='ocr_line' id='line_1_13' title="bbox 177 1718 336 1802; baseline 0 -20"><span class='ocrx_word' id='word_1_96' title='bbox 177 1722 295 1788; x_wconf 84' lang='lat' dir='ltr'>videtur</span> <span class='ocrx_word' id='word_1_97' title='bbox 306 1718 336 1802; x_wconf 87' lang='lat'>¹).</span> 
     </span>
    </p>

    <p class='ocr_par' dir='ltr' id='par_1_6' title="bbox 177 1823 1324 2224">
     <span class='ocr_line' id='line_1_14' title="bbox 264 1823 1324 1910; baseline -0.002 -22"><span class='ocrx_word' id='word_1_98' title='bbox 264 1829 330 1888; x_wconf 84' lang='lat' dir='ltr'>Seh.</span> <span class='ocrx_word' id='word_1_99' title='bbox 356 1829 469 1888; x_wconf 84' lang='grc'><strong>11089</strong></span> <span class='ocrx_word' id='word_1_100' title='bbox 494 1828 581 1888; x_wconf 88' lang='lat' dir='ltr'>dev.</span> <span class='ocrx_word' id='word_1_101' title='bbox 607 1823 758 1910; x_wconf 68' lang='grc' dir='ltr'>ἄφλαστον</span> <span class='ocrx_word' id='word_1_102' title='bbox 784 1829 830 1908; x_wconf 86' lang='lat' dir='ltr'>(ct&#39;.</span> <span class='ocrx_word' id='word_1_103' title='bbox 854 1849 933 1908; x_wconf 85' lang='lat' dir='ltr'>supr.</span> <span class='ocrx_word' id='word_1_104' title='bbox 957 1850 985 1908; x_wconf 88' lang='lat' dir='ltr'>p.</span> <span class='ocrx_word' id='word_1_105' title='bbox 1012 1829 1105 1908; x_wconf 67' lang='lat' dir='ltr'>aaa).</span> <span class='ocrx_word' id='word_1_106' title='bbox 1151 1828 1265 1888; x_wconf 81' lang='lat' dir='ltr'>Similia</span> <span class='ocrx_word' id='word_1_107' title='bbox 1287 1826 1324 1886; x_wconf 88' lang='lat' dir='ltr'>dc</span> 
     </span>
     <span class='ocr_line' id='line_1_15' title="bbox 177 1929 1322 2014; baseline -0.002 -22"><span class='ocrx_word' id='word_1_108' title='bbox 177 1934 233 1994; x_wconf 88' lang='lat' dir='ltr'>hac</span> <span class='ocrx_word' id='word_1_109' title='bbox 256 1955 327 1994; x_wconf 87' lang='lat' dir='ltr'>voce</span> <span class='ocrx_word' id='word_1_110' title='bbox 350 1933 505 1994; x_wconf 87' lang='lat' dir='ltr'>traduntur</span> <span class='ocrx_word' id='word_1_111' title='bbox 526 1937 556 1994; x_wconf 89' lang='lat' dir='ltr'>in</span> <span class='ocrx_word' id='word_1_112' title='bbox 579 1933 724 1993; x_wconf 85' lang='lat' dir='ltr'>ABschol.</span> <span class='ocrx_word' id='word_1_113' title='bbox 742 1929 766 1996; x_wconf 87' lang='grc' dir='ltr'>Ο</span> <span class='ocrx_word' id='word_1_114' title='bbox 781 1937 859 2010; x_wconf 78' lang='grc'><strong>717;</strong></span> <span class='ocrx_word' id='word_1_115' title='bbox 882 1933 982 2014; x_wconf 88' lang='lat' dir='ltr'>Apoll.</span> <span class='ocrx_word' id='word_1_116' title='bbox 1007 1935 1035 1994; x_wconf 84' lang='lat' dir='ltr'>S.</span> <span class='ocrx_word' id='word_1_117' title='bbox 1053 1937 1108 2011; x_wconf 75' lang='lat'>493</span> <span class='ocrx_word' id='word_1_118' title='bbox 1130 1935 1187 1992; x_wconf 89' lang='lat' dir='ltr'>lex.</span> <span class='ocrx_word' id='word_1_119' title='bbox 1204 1934 1322 1992; x_wconf 88' lang='lat' dir='ltr'>Bachm.</span> 
     </span>
     <span class='ocr_line' id='line_1_16' title="bbox 181 2039 1323 2120; baseline 0.002 -24"><span class='ocrx_word' id='word_1_120' title='bbox 181 2041 317 2114; x_wconf 74' lang='lat'>172,10;</span> <span class='ocrx_word' id='word_1_121' title='bbox 350 2040 479 2118; x_wconf 89' lang='lat' dir='ltr'>Hesych.</span> <span class='ocrx_word' id='word_1_122' title='bbox 525 2039 624 2098; x_wconf 88' lang='lat' dir='ltr'>Etiam</span> <span class='ocrx_word' id='word_1_123' title='bbox 646 2039 719 2098; x_wconf 88' lang='lat' dir='ltr'>hacc</span> <span class='ocrx_word' id='word_1_124' title='bbox 741 2060 795 2120; x_wconf 88' lang='lat' dir='ltr'>per</span> <span class='ocrx_word' id='word_1_125' title='bbox 816 2039 978 2120; x_wconf 91' lang='lat' dir='ltr'>Didymum</span> <span class='ocrx_word' id='word_1_126' title='bbox 1001 2043 1030 2098; x_wconf 94' lang='lat' dir='ltr'>in</span> <span class='ocrx_word' id='word_1_127' title='bbox 1053 2040 1149 2099; x_wconf 87' lang='lat' dir='ltr'>lexica</span> <span class='ocrx_word' id='word_1_128' title='bbox 1172 2039 1323 2098; x_wconf 85' lang='lat' dir='ltr'>devenisse</span> 
     </span>
     <span class='ocr_line' id='line_1_17' title="bbox 178 2142 1247 2224; baseline 0 -22"><span class='ocrx_word' id='word_1_129' title='bbox 178 2143 322 2218; x_wconf 88' lang='lat' dir='ltr'>videntur,</span> <span class='ocrx_word' id='word_1_130' title='bbox 345 2148 396 2224; x_wconf 90' lang='lat' dir='ltr'>qui</span> <span class='ocrx_word' id='word_1_131' title='bbox 420 2143 538 2224; x_wconf 86' lang='lat' dir='ltr'>quidem</span> <span class='ocrx_word' id='word_1_132' title='bbox 561 2143 640 2223; x_wconf 90' lang='lat' dir='ltr'>apud</span> <span class='ocrx_word' id='word_1_133' title='bbox 663 2146 848 2204; x_wconf 88' lang='lat' dir='ltr'>Eustathium</span> <span class='ocrx_word' id='word_1_134' title='bbox 876 2148 1016 2218; x_wconf 66' lang='lat' dir='ltr'>rotato</span> <span class='ocrx_word' id='word_1_135' title='bbox 1041 2148 1208 2204; x_wconf 88' lang='lat' dir='ltr'>nominatur</span> <span class='ocrx_word' id='word_1_136' title='bbox 1218 2142 1247 2222; x_wconf 59' lang='grc' dir='ltr'>ἓ).</span> 
     </span>
    </p>

    <p class='ocr_par' dir='ltr' id='par_1_7' title="bbox 175 2245 1322 2958">
     <span class='ocr_line' id='line_1_18' title="bbox 264 2245 1321 2332; baseline 0.001 -22"><span class='ocrx_word' id='word_1_137' title='bbox 264 2250 330 2310; x_wconf 83' lang='lat' dir='ltr'>Sch.</span> <span class='ocrx_word' id='word_1_138' title='bbox 357 2251 400 2310; x_wconf 92' lang='lat' dir='ltr'>lV</span> <span class='ocrx_word' id='word_1_139' title='bbox 417 2253 479 2310; x_wconf 81' lang='lat'>477</span> <span class='ocrx_word' id='word_1_140' title='bbox 512 2245 681 2332; x_wconf 76' lang='grc' dir='ltr'>ἐξάργματα</span> <span class='ocrx_word' id='word_1_141' title='bbox 714 2251 760 2330; x_wconf 84' lang='lat' dir='ltr'>(cf.</span> <span class='ocrx_word' id='word_1_142' title='bbox 784 2272 862 2330; x_wconf 89' lang='lat' dir='ltr'>supr.</span> <span class='ocrx_word' id='word_1_143' title='bbox 884 2273 911 2330; x_wconf 92' lang='lat' dir='ltr'>p.</span> <span class='ocrx_word' id='word_1_144' title='bbox 938 2252 1006 2327; x_wconf 78' lang='lat'>26);</span> <span class='ocrx_word' id='word_1_145' title='bbox 1035 2250 1169 2308; x_wconf 89' lang='lat' dir='ltr'>similiter</span> <span class='ocrx_word' id='word_1_146' title='bbox 1190 2250 1321 2328; x_wconf 86' lang='lat' dir='ltr'>Hesyah.</span> 
     </span>
     <span class='ocr_line' id='line_1_19' title="bbox 177 2352 1320 2438; baseline 0.002 -26"><span class='ocrx_word' id='word_1_147' title='bbox 177 2376 198 2413; x_wconf 88' lang='lat' dir='ltr'>s.</span> <span class='ocrx_word' id='word_1_148' title='bbox 222 2376 250 2413; x_wconf 89' lang='lat' dir='ltr'>v.</span> <span class='ocrx_word' id='word_1_149' title='bbox 275 2352 509 2438; x_wconf 76' lang='grc' dir='ltr'>μασχαλίαματα</span> <span class='ocrx_word' id='word_1_150' title='bbox 534 2383 573 2407; x_wconf 85' lang='grc'>--</span> <span class='ocrx_word' id='word_1_151' title='bbox 597 2356 683 2414; x_wconf 88' lang='lat' dir='ltr'>Phot.</span> <span class='ocrx_word' id='word_1_152' title='bbox 708 2383 748 2408; x_wconf 93' lang='lat'>=</span> <span class='ocrx_word' id='word_1_153' title='bbox 773 2355 854 2415; x_wconf 86' lang='lat' dir='ltr'>Suid.</span> <span class='ocrx_word' id='word_1_154' title='bbox 888 2352 1134 2438; x_wconf 65' lang='grc' dir='ltr'>μασχαλίαματας</span> <span class='ocrx_word' id='word_1_155' title='bbox 1167 2355 1201 2413; x_wconf 86' lang='lat' dir='ltr'>cf.</span> <span class='ocrx_word' id='word_1_156' title='bbox 1233 2355 1320 2414; x_wconf 88' lang='lat' dir='ltr'>schol.</span> 
     </span>
     <span class='ocr_line' id='line_1_20' title="bbox 176 2459 1321 2544; baseline 0.002 -25"><span class='ocrx_word' id='word_1_157' title='bbox 176 2461 228 2519; x_wconf 86' lang='lat' dir='ltr'>La.</span> <span class='ocrx_word' id='word_1_158' title='bbox 252 2463 282 2518; x_wconf 91' lang='lat' dir='ltr'>in</span> <span class='ocrx_word' id='word_1_159' title='bbox 306 2461 392 2540; x_wconf 82' lang='lat' dir='ltr'>Soph.</span> <span class='ocrx_word' id='word_1_160' title='bbox 417 2462 462 2520; x_wconf 85' lang='lat' dir='ltr'>El.</span> <span class='ocrx_word' id='word_1_161' title='bbox 487 2465 548 2521; x_wconf 73' lang='lat'>445</span> <span class='ocrx_word' id='word_1_162' title='bbox 574 2489 614 2513; x_wconf 94' lang='lat'><strong><em>=</em></strong></span> <span class='ocrx_word' id='word_1_163' title='bbox 639 2462 718 2520; x_wconf 84' lang='lat' dir='ltr'>Suid.</span> <span class='ocrx_word' id='word_1_164' title='bbox 743 2483 765 2521; x_wconf 91' lang='lat' dir='ltr'>s.</span> <span class='ocrx_word' id='word_1_165' title='bbox 789 2485 815 2520; x_wconf 88' lang='lat' dir='ltr'>v.</span> <span class='ocrx_word' id='word_1_166' title='bbox 841 2461 1101 2544; x_wconf 73' lang='grc' dir='ltr'>μασχαλισθῆναις</span> <span class='ocrx_word' id='word_1_167' title='bbox 1126 2461 1206 2521; x_wconf 85' lang='lat' dir='ltr'>Suid.</span> <span class='ocrx_word' id='word_1_168' title='bbox 1226 2459 1321 2541; x_wconf 73' lang='grc' dir='ltr'>ἐμασ-</span> 
     </span>
     <span class='ocr_line' id='line_1_21' title="bbox 176 2562 1322 2648; baseline 0 -24"><span class='ocrx_word' id='word_1_169' title='bbox 176 2562 326 2648; x_wconf 72' lang='grc' dir='ltr'>χαλίσθης</span> <span class='ocrx_word' id='word_1_170' title='bbox 359 2587 434 2646; x_wconf 87' lang='lat' dir='ltr'>quae</span> <span class='ocrx_word' id='word_1_171' title='bbox 466 2570 564 2626; x_wconf 86' lang='lat' dir='ltr'>omnia</span> <span class='ocrx_word' id='word_1_172' title='bbox 594 2570 729 2646; x_wconf 87' lang='lat' dir='ltr'>primitus</span> <span class='ocrx_word' id='word_1_173' title='bbox 760 2567 797 2626; x_wconf 94' lang='lat' dir='ltr'>ab</span> <span class='ocrx_word' id='word_1_174' title='bbox 828 2565 1026 2646; x_wconf 83' lang='lat' dir='ltr'>Aristophane</span> <span class='ocrx_word' id='word_1_175' title='bbox 1054 2568 1198 2647; x_wconf 81' lang='lat' dir='ltr'>Byzantio</span> <span class='ocrx_word' id='word_1_176' title='bbox 1230 2569 1322 2644; x_wconf 89' lang='lat' dir='ltr'>petita</span> 
     </span>
     <span class='ocr_line' id='line_1_22' title="bbox 177 2668 1321 2752; baseline 0 -23"><span class='ocrx_word' id='word_1_177' title='bbox 177 2668 289 2752; x_wconf 67' lang='lat' dir='ltr'>sunt&#39;),</span> <span class='ocrx_word' id='word_1_178' title='bbox 321 2673 351 2730; x_wconf 92' lang='lat' dir='ltr'>in</span> <span class='ocrx_word' id='word_1_179' title='bbox 382 2672 479 2731; x_wconf 88' lang='lat' dir='ltr'>lexica</span> <span class='ocrx_word' id='word_1_180' title='bbox 509 2682 603 2732; x_wconf 90' lang='lat' dir='ltr'>autem</span> <span class='ocrx_word' id='word_1_181' title='bbox 635 2675 723 2732; x_wconf 87' lang='lat' dir='ltr'>etiam</span> <span class='ocrx_word' id='word_1_182' title='bbox 745 2692 797 2751; x_wconf 90' lang='lat' dir='ltr'>per</span> <span class='ocrx_word' id='word_1_183' title='bbox 819 2672 982 2752; x_wconf 90' lang='lat' dir='ltr'>Didymum</span> <span class='ocrx_word' id='word_1_184' title='bbox 1006 2676 1173 2751; x_wconf 88' lang='lat' dir='ltr'>pervenisse</span> <span class='ocrx_word' id='word_1_185' title='bbox 1192 2680 1321 2750; x_wconf 85' lang='lat' dir='ltr'>possunt,</span> 
     </span>
     <span class='ocr_line' id='line_1_23' title="bbox 176 2777 1321 2859; baseline 0.001 -25"><span class='ocrx_word' id='word_1_186' title='bbox 176 2780 285 2856; x_wconf 87' lang='lat' dir='ltr'>quippe</span> <span class='ocrx_word' id='word_1_187' title='bbox 308 2780 358 2856; x_wconf 90' lang='lat' dir='ltr'>qui</span> <span class='ocrx_word' id='word_1_188' title='bbox 384 2781 500 2859; x_wconf 87' lang='lat' dir='ltr'>saepius</span> <span class='ocrx_word' id='word_1_189' title='bbox 523 2778 731 2856; x_wconf 80' lang='lat' dir='ltr'>Aristophanis</span> <span class='ocrx_word' id='word_1_190' title='bbox 753 2778 892 2857; x_wconf 85' lang='lat' dir='ltr'>Byzantii</span> <span class='ocrx_word' id='word_1_191' title='bbox 921 2777 1082 2836; x_wconf 83' lang='lat' dir='ltr'>doctrinam</span> <span class='ocrx_word' id='word_1_192' title='bbox 1111 2777 1321 2856; x_wconf 85' lang='lat' dir='ltr'>posterioribus</span> 
     </span>
     <span class='ocr_line' id='line_1_24' title="bbox 175 2879 373 2958; baseline 0 -18"><span class='ocrx_word' id='word_1_193' title='bbox 175 2880 331 2942; x_wconf 85' lang='lat' dir='ltr'>tradiderit</span> <span class='ocrx_word' id='word_1_194' title='bbox 342 2879 373 2958; x_wconf 70' lang='grc'>4).</span> 
     </span>
    </p>

    <p class='ocr_par' dir='ltr' id='par_1_8' title="bbox 262 2986 1319 3051">
     <span class='ocr_line' id='line_1_25' title="bbox 262 2986 1319 3051; baseline -0.002 -5"><span class='ocrx_word' id='word_1_195' title='bbox 262 2987 375 3046; x_wconf 87' lang='lat' dir='ltr'>Eodem</span> <span class='ocrx_word' id='word_1_196' title='bbox 407 2987 493 3051; x_wconf 87' lang='lat' dir='ltr'>modo</span> <span class='ocrx_word' id='word_1_197' title='bbox 527 2988 565 3046; x_wconf 88' lang='lat' dir='ltr'>ad</span> <span class='ocrx_word' id='word_1_198' title='bbox 595 2989 711 3048; x_wconf 88' lang='lat' dir='ltr'>lexicon</span> <span class='ocrx_word' id='word_1_199' title='bbox 743 2987 819 3047; x_wconf 91' lang='lat' dir='ltr'>illud</span> <span class='ocrx_word' id='word_1_200' title='bbox 848 2988 942 3047; x_wconf 82' lang='lat' dir='ltr'>refero</span> <span class='ocrx_word' id='word_1_201' title='bbox 975 2986 1063 3046; x_wconf 90' lang='lat' dir='ltr'>schol.</span> <span class='ocrx_word' id='word_1_202' title='bbox 1088 2988 1216 3047; x_wconf 75' lang='grc' dir='ltr'>111382ι</span> <span class='ocrx_word' id='word_1_203' title='bbox 1234 2987 1271 3046; x_wconf 88' lang='lat' dir='ltr'>da</span> <span class='ocrx_word' id='word_1_204' title='bbox 1293 3009 1319 3045; x_wconf 89' lang='lat' dir='ltr'>v.</span> 
     </span>
    </p>
   </div>
   <div class='ocr_carea' id='block_1_5' title="bbox 172 3069 1322 3389">
    <p class='ocr_par' dir='ltr' id='par_1_9' title="bbox 172 3069 1322 3389">
     <span class='ocr_line' id='line_1_26' title="bbox 177 3069 1322 3173; baseline -0.003 -19"><span class='ocrx_word' id='word_1_205' title='bbox 177 3069 332 3172; x_wconf 70' lang='grc' dir='ltr'>αὐτόγυον,</span> <span class='ocrx_word' id='word_1_206' title='bbox 366 3092 450 3172; x_wconf 88' lang='lat' dir='ltr'>quod</span> <span class='ocrx_word' id='word_1_207' title='bbox 480 3094 705 3153; x_wconf 80' lang='lat' dir='ltr'>Eratosthenem</span> <span class='ocrx_word' id='word_1_208' title='bbox 738 3097 868 3173; x_wconf 86' lang='lat' dir='ltr'>sequitur</span> <span class='ocrx_word' id='word_1_209' title='bbox 902 3094 973 3171; x_wconf 88' lang='lat' dir='ltr'>(non</span> <span class='ocrx_word' id='word_1_210' title='bbox 1004 3095 1037 3150; x_wconf 91' lang='lat' dir='ltr'>in</span> <span class='ocrx_word' id='word_1_211' title='bbox 1070 3093 1203 3151; x_wconf 89' lang='lat' dir='ltr'>omnibus</span> <span class='ocrx_word' id='word_1_212' title='bbox 1235 3092 1322 3151; x_wconf 90' lang='lat' dir='ltr'>rebus</span> 
     </span>
     <span class='ocr_line' id='line_1_27' title="bbox 174 3195 1320 3282; baseline -0.001 -26"><span class='ocrx_word' id='word_1_213' title='bbox 174 3198 284 3256; x_wconf 90' lang='lat' dir='ltr'>Pollux</span> <span class='ocrx_word' id='word_1_214' title='bbox 307 3199 399 3258; x_wconf 71' lang='lat' dir='ltr'>leae</span> <span class='ocrx_word' id='word_1_215' title='bbox 424 3199 595 3278; x_wconf 72' lang='lat' dir='ltr'>consentit),</span> <span class='ocrx_word' id='word_1_216' title='bbox 626 3201 706 3258; x_wconf 88' lang='lat' dir='ltr'>schol</span> <span class='ocrx_word' id='word_1_217' title='bbox 738 3201 845 3258; x_wconf 72' lang='lat' dir='ltr'>tirso</span> <span class='ocrx_word' id='word_1_218' title='bbox 869 3198 905 3258; x_wconf 88' lang='lat' dir='ltr'>de</span> <span class='ocrx_word' id='word_1_219' title='bbox 927 3221 955 3259; x_wconf 85' lang='lat' dir='ltr'>v.</span> <span class='ocrx_word' id='word_1_220' title='bbox 979 3195 1105 3282; x_wconf 78' lang='grc' dir='ltr'>κύρβεις,</span> <span class='ocrx_word' id='word_1_221' title='bbox 1133 3198 1183 3256; x_wconf 91' lang='lat' dir='ltr'>ubi</span> <span class='ocrx_word' id='word_1_222' title='bbox 1205 3198 1320 3256; x_wconf 88' lang='lat' dir='ltr'>Aristo-</span> 
     </span>
     <span class='ocr_line' id='line_1_28' title="bbox 172 3303 1317 3389; baseline -0.002 -23"><span class='ocrx_word' id='word_1_223' title='bbox 172 3307 286 3387; x_wconf 89' lang='lat' dir='ltr'>phanes</span> <span class='ocrx_word' id='word_1_224' title='bbox 301 3307 500 3386; x_wconf 91' lang='lat' dir='ltr'>Apollodorus</span> <span class='ocrx_word' id='word_1_225' title='bbox 516 3310 724 3369; x_wconf 82' lang='lat' dir='ltr'>Eratosthenes</span> <span class='ocrx_word' id='word_1_226' title='bbox 747 3309 906 3368; x_wconf 88' lang='lat' dir='ltr'>afferuntur</span> <span class='ocrx_word' id='word_1_227' title='bbox 915 3303 955 3389; x_wconf 76' lang='lat'>⁵),</span> <span class='ocrx_word' id='word_1_228' title='bbox 978 3317 1122 3388; x_wconf 87' lang='lat' dir='ltr'>postremo</span> <span class='ocrx_word' id='word_1_229' title='bbox 1145 3308 1202 3365; x_wconf 91' lang='lat' dir='ltr'>sch.</span> <span class='ocrx_word' id='word_1_230' title='bbox 1226 3307 1317 3365; x_wconf 76' lang='lat'>1565</span> 
     </span>
    </p>
   </div>
   <div class='ocr_carea' id='block_1_6' title="bbox 172 3411 1318 3600">
    <p class='ocr_par' dir='ltr' id='par_1_10' title="bbox 172 3411 1318 3600">
     <span class='ocr_line' id='line_1_29' title="bbox 173 3411 1318 3493; baseline -0.003 -20"><span class='ocrx_word' id='word_1_231' title='bbox 173 3421 204 3473; x_wconf 90' lang='lat' dir='ltr'>ct</span> <span class='ocrx_word' id='word_1_232' title='bbox 228 3415 288 3472; x_wconf 81' lang='lat'>566</span> <span class='ocrx_word' id='word_1_233' title='bbox 313 3411 350 3472; x_wconf 86' lang='lat' dir='ltr'>de</span> <span class='ocrx_word' id='word_1_234' title='bbox 372 3413 442 3472; x_wconf 88' lang='lat' dir='ltr'>mali</span> <span class='ocrx_word' id='word_1_235' title='bbox 464 3415 605 3493; x_wconf 89' lang='lat' dir='ltr'>partibus,</span> <span class='ocrx_word' id='word_1_236' title='bbox 627 3415 677 3474; x_wconf 93' lang='lat' dir='ltr'>ubi</span> <span class='ocrx_word' id='word_1_237' title='bbox 700 3414 778 3475; x_wconf 89' lang='lat' dir='ltr'>idem</span> <span class='ocrx_word' id='word_1_238' title='bbox 793 3413 1003 3473; x_wconf 80' lang='lat' dir='ltr'>Eratosthenes</span> <span class='ocrx_word' id='word_1_239' title='bbox 1025 3413 1162 3472; x_wconf 88' lang='lat' dir='ltr'>laudatur</span> <span class='ocrx_word' id='word_1_240' title='bbox 1178 3413 1224 3491; x_wconf 86' lang='lat' dir='ltr'>(cf.</span> <span class='ocrx_word' id='word_1_241' title='bbox 1243 3433 1318 3492; x_wconf 88' lang='lat' dir='ltr'>supr.</span> 
     </span>
     <span class='ocr_line' id='line_1_30' title="bbox 172 3515 321 3600; baseline 0 -24"><span class='ocrx_word' id='word_1_242' title='bbox 172 3541 202 3600; x_wconf 92' lang='lat' dir='ltr'>p.</span> <span class='ocrx_word' id='word_1_243' title='bbox 231 3515 321 3600; x_wconf 75' lang='lat' dir='ltr'>wa).</span> 
     </span>
    </p>
   </div>
   <div class='ocr_carea' id='block_1_7' title="bbox 173 3620 1320 3918">
    <p class='ocr_par' dir='ltr' id='par_1_11' title="bbox 173 3620 1320 3918">
     <span class='ocr_line' id='line_1_31' title="bbox 264 3620 1320 3705; baseline -0.003 -23"><span class='ocrx_word' id='word_1_244' title='bbox 264 3623 414 3683; x_wconf 90' lang='lat' dir='ltr'>Nonnulla</span> <span class='ocrx_word' id='word_1_245' title='bbox 437 3625 496 3683; x_wconf 88' lang='lat' dir='ltr'>alia</span> <span class='ocrx_word' id='word_1_246' title='bbox 525 3626 637 3684; x_wconf 88' lang='lat' dir='ltr'>scholia</span> <span class='ocrx_word' id='word_1_247' title='bbox 668 3625 888 3705; x_wconf 84' lang='lat' dir='ltr'>subsequentur,</span> <span class='ocrx_word' id='word_1_248' title='bbox 921 3643 996 3704; x_wconf 86' lang='lat' dir='ltr'>quae</span> <span class='ocrx_word' id='word_1_249' title='bbox 1026 3645 1090 3682; x_wconf 92' lang='lat' dir='ltr'>cum</span> <span class='ocrx_word' id='word_1_250' title='bbox 1121 3622 1221 3681; x_wconf 80' lang='lat' dir='ltr'>lexicis</span> <span class='ocrx_word' id='word_1_251' title='bbox 1243 3620 1320 3680; x_wconf 92' lang='lat' dir='ltr'>Atti-</span> 
     </span>
     <span class='ocr_line' id='line_1_32' title="bbox 175 3729 1320 3810; baseline -0.001 -24"><span class='ocrx_word' id='word_1_252' title='bbox 175 3731 312 3788; x_wconf 87' lang='lat' dir='ltr'>cistarum</span> <span class='ocrx_word' id='word_1_253' title='bbox 335 3733 440 3790; x_wconf 90' lang='lat' dir='ltr'>artiore</span> <span class='ocrx_word' id='word_1_254' title='bbox 463 3729 589 3810; x_wconf 90' lang='lat' dir='ltr'>quodam</span> <span class='ocrx_word' id='word_1_255' title='bbox 611 3732 728 3790; x_wconf 87' lang='lat' dir='ltr'>vinculo</span> <span class='ocrx_word' id='word_1_256' title='bbox 752 3732 904 3790; x_wconf 89' lang='lat' dir='ltr'>cohaerere</span> <span class='ocrx_word' id='word_1_257' title='bbox 919 3729 1063 3803; x_wconf 88' lang='lat' dir='ltr'>videntur,</span> <span class='ocrx_word' id='word_1_258' title='bbox 1084 3747 1214 3808; x_wconf 85' lang='lat' dir='ltr'>quaeque</span> <span class='ocrx_word' id='word_1_259' title='bbox 1234 3749 1320 3806; x_wconf 91' lang='lat' dir='ltr'>prop-</span> 
     </span>
     <span class='ocr_line' id='line_1_33' title="bbox 173 3829 1319 3918; baseline -0.002 -25"><span class='ocrx_word' id='word_1_260' title='bbox 173 3843 254 3894; x_wconf 87' lang='lat' dir='ltr'>terea</span> <span class='ocrx_word' id='word_1_261' title='bbox 276 3838 331 3894; x_wconf 87' lang='lat' dir='ltr'>etsi</span> <span class='ocrx_word' id='word_1_262' title='bbox 353 3834 521 3895; x_wconf 87' lang='lat' dir='ltr'>dubitanter</span> <span class='ocrx_word' id='word_1_263' title='bbox 543 3836 592 3895; x_wconf 90' lang='lat' dir='ltr'>hic</span> <span class='ocrx_word' id='word_1_264' title='bbox 607 3857 763 3916; x_wconf 89' lang='lat' dir='ltr'>compono:</span> <span class='ocrx_word' id='word_1_265' title='bbox 787 3837 845 3896; x_wconf 87' lang='lat' dir='ltr'>sch.</span> <span class='ocrx_word' id='word_1_266' title='bbox 862 3837 1008 3895; x_wconf 83' lang='lat'>1111270</span> <span class='ocrx_word' id='word_1_267' title='bbox 1033 3829 1172 3918; x_wconf 76' lang='grc' dir='ltr'>(βαλβίς),</span> <span class='ocrx_word' id='word_1_268' title='bbox 1195 3853 1319 3913; x_wconf 90' lang='lat' dir='ltr'>quocum</span> 
     </span>
    </p>
   </div>
   <div class='ocr_carea' id='block_1_8' title="bbox 172 4021 1318 4550">
    <p class='ocr_par' dir='ltr' id='par_1_12' title="bbox 172 4021 1318 4186">
     <span class='ocr_line' id='line_1_34' title="bbox 247 4021 1318 4094; baseline -0.001 -19"><span class='ocrx_word' id='word_1_269' title='bbox 247 4022 501 4092; x_wconf 85' lang='lat' dir='ltr'>l)1netym.gen.</span> <span class='ocrx_word' id='word_1_270' title='bbox 523 4033 655 4094; x_wconf 84' lang='lat' dir='ltr'>:etym</span> <span class='ocrx_word' id='word_1_271' title='bbox 679 4043 713 4080; x_wconf 91' lang='lat' dir='ltr'>m.</span> <span class='ocrx_word' id='word_1_272' title='bbox 740 4027 828 4093; x_wconf 81' lang='lat'>325,3</span> <span class='ocrx_word' id='word_1_273' title='bbox 854 4024 938 4079; x_wconf 84' lang='lat' dir='ltr'>schol.</span> <span class='ocrx_word' id='word_1_274' title='bbox 965 4021 1046 4092; x_wconf 87' lang='lat' dir='ltr'>Apln.</span> <span class='ocrx_word' id='word_1_275' title='bbox 1073 4021 1241 4090; x_wconf 87' lang='lat' dir='ltr'>exscriptum</span> <span class='ocrx_word' id='word_1_276' title='bbox 1267 4027 1318 4075; x_wconf 85' lang='lat' dir='ltr'>est.</span> 
     </span>
     <span class='ocr_line' id='line_1_35' title="bbox 172 4110 943 4186; baseline 0.008 -22"><span class='ocrx_word' id='word_1_277' title='bbox 172 4110 214 4165; x_wconf 85' lang='lat' dir='ltr'>Cf.</span> <span class='ocrx_word' id='word_1_278' title='bbox 235 4120 380 4181; x_wconf 83' lang='lat' dir='ltr'>praeterea</span> <span class='ocrx_word' id='word_1_279' title='bbox 400 4114 506 4181; x_wconf 85' lang='lat' dir='ltr'>Kaibel‚</span> <span class='ocrx_word' id='word_1_280' title='bbox 526 4116 598 4170; x_wconf 85' lang='lat' dir='ltr'>Gom.</span> <span class='ocrx_word' id='word_1_281' title='bbox 619 4116 664 4170; x_wconf 85' lang='lat' dir='ltr'>Gr.</span> <span class='ocrx_word' id='word_1_282' title='bbox 686 4115 765 4186; x_wconf 82' lang='lat' dir='ltr'>frgm.</span> <span class='ocrx_word' id='word_1_283' title='bbox 787 4117 832 4185; x_wconf 91' lang='lat' dir='ltr'>l,l</span> <span class='ocrx_word' id='word_1_284' title='bbox 853 4132 880 4185; x_wconf 90' lang='lat' dir='ltr'>p.</span> <span class='ocrx_word' id='word_1_285' title='bbox 900 4119 943 4171; x_wconf 78' lang='lat'>92.</span> 
     </span>
    </p>

    <p class='ocr_par' dir='ltr' id='par_1_13' title="bbox 244 4201 1107 4278">
     <span class='ocr_line' id='line_1_36' title="bbox 244 4201 1107 4278; baseline 0.002 -22"><span class='ocrx_word' id='word_1_286' title='bbox 244 4205 272 4270; x_wconf 85' lang='lat'>2)</span> <span class='ocrx_word' id='word_1_287' title='bbox 292 4201 332 4258; x_wconf 83' lang='lat' dir='ltr'>Cf.</span> <span class='ocrx_word' id='word_1_288' title='bbox 352 4201 389 4258; x_wconf 87' lang='lat' dir='ltr'>hl.</span> <span class='ocrx_word' id='word_1_289' title='bbox 409 4204 540 4273; x_wconf 89' lang='lat' dir='ltr'>Schmidt,</span> <span class='ocrx_word' id='word_1_290' title='bbox 560 4206 690 4278; x_wconf 80' lang='lat' dir='ltr'>Didymus</span> <span class='ocrx_word' id='word_1_291' title='bbox 709 4224 736 4276; x_wconf 91' lang='lat' dir='ltr'>p.</span> <span class='ocrx_word' id='word_1_292' title='bbox 755 4209 805 4277; x_wconf 81' lang='lat'>793</span> <span class='ocrx_word' id='word_1_293' title='bbox 825 4205 957 4261; x_wconf 85' lang='lat' dir='ltr'>Schwabe</span> <span class='ocrx_word' id='word_1_294' title='bbox 977 4222 1003 4274; x_wconf 91' lang='lat' dir='ltr'>p.</span> <span class='ocrx_word' id='word_1_295' title='bbox 1021 4205 1107 4272; x_wconf 80' lang='lat' dir='ltr'>62sq.</span> 
     </span>
    </p>

    <p class='ocr_par' dir='ltr' id='par_1_14' title="bbox 244 4293 750 4364">
     <span class='ocr_line' id='line_1_37' title="bbox 244 4293 750 4364; baseline 0.008 -18"><span class='ocrx_word' id='word_1_296' title='bbox 244 4295 272 4361; x_wconf 84' lang='lat'>3)</span> <span class='ocrx_word' id='word_1_297' title='bbox 290 4293 330 4348; x_wconf 83' lang='lat' dir='ltr'>Cf.</span> <span class='ocrx_word' id='word_1_298' title='bbox 351 4293 450 4349; x_wconf 81' lang='lat' dir='ltr'>Kaibel</span> <span class='ocrx_word' id='word_1_299' title='bbox 470 4294 504 4349; x_wconf 80' lang='lat' dir='ltr'>ad</span> <span class='ocrx_word' id='word_1_300' title='bbox 525 4297 608 4364; x_wconf 88' lang='lat' dir='ltr'>Soph.</span> <span class='ocrx_word' id='word_1_301' title='bbox 628 4297 670 4351; x_wconf 87' lang='lat' dir='ltr'>El.</span> <span class='ocrx_word' id='word_1_302' title='bbox 691 4300 750 4350; x_wconf 86' lang='grc'><strong>445.</strong></span> 
     </span>
    </p>

    <p class='ocr_par' dir='ltr' id='par_1_15' title="bbox 245 4383 982 4456">
     <span class='ocr_line' id='line_1_38' title="bbox 245 4383 982 4456; baseline 0.007 -20"><span class='ocrx_word' id='word_1_303' title='bbox 245 4383 274 4452; x_wconf 86' lang='grc'>4)</span> <span class='ocrx_word' id='word_1_304' title='bbox 294 4383 391 4438; x_wconf 86' lang='lat' dir='ltr'>Nauck</span> <span class='ocrx_word' id='word_1_305' title='bbox 414 4385 554 4454; x_wconf 85' lang='lat' dir='ltr'>Aristoph.</span> <span class='ocrx_word' id='word_1_306' title='bbox 574 4387 637 4456; x_wconf 82' lang='lat' dir='ltr'>Byz.</span> <span class='ocrx_word' id='word_1_307' title='bbox 658 4386 738 4455; x_wconf 83' lang='lat' dir='ltr'>trgm.</span> <span class='ocrx_word' id='word_1_308' title='bbox 759 4404 787 4455; x_wconf 87' lang='lat' dir='ltr'>p.</span> <span class='ocrx_word' id='word_1_309' title='bbox 806 4390 858 4440; x_wconf 70' lang='lat'>22¹4</span> <span class='ocrx_word' id='word_1_310' title='bbox 877 4403 919 4439; x_wconf 91' lang='lat' dir='ltr'>no.</span> <span class='ocrx_word' id='word_1_311' title='bbox 940 4389 982 4442; x_wconf 83' lang='grc'>68.</span> 
     </span>
    </p>

    <p class='ocr_par' dir='ltr' id='par_1_16' title="bbox 244 4470 657 4550">
     <span class='ocr_line' id='line_1_39' title="bbox 244 4470 657 4550; baseline 0.007 -22"><span class='ocrx_word' id='word_1_312' title='bbox 244 4474 272 4550; x_wconf 73' lang='grc' dir='ltr'>ἕ)</span> <span class='ocrx_word' id='word_1_313' title='bbox 291 4470 326 4528; x_wconf 87' lang='grc' dir='ltr'>Μ.</span> <span class='ocrx_word' id='word_1_314' title='bbox 347 4472 470 4550; x_wconf 81' lang='lat' dir='ltr'>Schmidt</span> <span class='ocrx_word' id='word_1_315' title='bbox 488 4473 505 4529; x_wconf 90' lang='lat' dir='ltr'>l.</span> <span class='ocrx_word' id='word_1_316' title='bbox 526 4491 548 4530; x_wconf 91' lang='lat' dir='ltr'>c.</span> <span class='ocrx_word' id='word_1_317' title='bbox 568 4492 595 4547; x_wconf 91' lang='lat' dir='ltr'>p.</span> <span class='ocrx_word' id='word_1_318' title='bbox 615 4478 657 4532; x_wconf 81' lang='lat'>59.</span> 
     </span>
    </p>
   </div>
   <div class='ocr_carea' id='block_1_9' title="bbox 0 0 1602 5200">
    <p class='ocr_par' dir='ltr' id='par_1_17' title="bbox 0 0 1602 5200">
     <span class='ocr_line' id='line_1_40' title="bbox 0 0 1602 5200; baseline 0 0"><span class='ocrx_word' id='word_1_319' title='bbox 0 0 1602 5200; x_wconf 95' lang='lat' dir='ltr'> </span> 
     </span>
    </p>
   </div>
  </div>
 </body>
</html>
