3194 5200
883 321 923 388 30

329 499 428 582 quium
450 500 482 560 in
505 497 594 560 schol.
618 502 735 561 omnino
758 501 906 568 exciderit.
962 499 1071 562 Contra
1100 504 1132 562 in
1165 509 1252 582 etym.
1283 500 1373 564 verba
1395 499 1484 562 Euri-

327 606 405 686 pidis
428 606 533 666 desunt
556 615 586 665 et
608 626 683 686 quae
704 607 843 684 leguntur
865 602 885 691 ἢ
910 603 1147 668 ἀτι-οκοτειναί
1168 607 1243 668 falso
1267 610 1334 668 voci
1350 607 1481 690 ἀμειδή-

328 733 395 781 τους
419 715 546 792 ascripta
569 721 645 770 sunt.
691 713 796 792 Itaque
820 721 908 772 etex
932 721 1020 792 etym.
1044 722 1074 773 et
1096 734 1133 773 ex
1155 713 1267 772 scholio
1290 717 1322 773 in
1344 714 1407 774 cod.
1422 722 1482 774 tra-

328 816 389 876 dito
410 817 505 876 locum
530 818 582 876 hoc
605 816 692 876 modo
715 821 916 878 restituemus:
948 816 1128 900 ἀμειδήτους
1153 813 1205 888 τάς
1230 813 1354 902 φρικτάς
1378 817 1411 880 ἐν
1435 814 1482 888 αἶς

329 920 381 983 οὐκ
412 918 473 982 ἔστι
499 922 649 1004 μειδιάσαι
673 917 743 982 οὐδὲ
766 919 901 1004 γελάσαι.
938 920 1023 1003 ἀγιάς
1055 919 1087 984 δὲ
1117 919 1168 993 τάς
1199 919 1290 1004 ἀγνάς
1323 919 1427 986 διὰτὸ
1451 922 1482 986 ἐν

329 1026 430 1096 αὐταῖς
465 1023 594 1108 ἀγεπθαι
616 1021 653 1088 τά
686 1027 835 1110 μυστήρια
867 1029 918 1088 τοῦ
952 1026 1042 1107 θεοῦ,
1076 1031 1096 1111 t,
1128 1028 1172 1090 ότι
1202 1025 1330 1112 φοβεροί
1353 1026 1426 1090 εἰσιν
1450 1027 1481 1090 αἱ

327 1130 429 1202 νύκτες
461 1128 509 1192 καλ
542 1129 698 1194 ακοτειναί.
746 1127 908 1216 Εὐριπίδης
945 1131 1077 1217 ,,νόκτωρ
1109 1128 1146 1195 τά
1176 1128 1288 1194 πολλά·
1326 1131 1481 1216 σεμνότητ’

329 1234 393 1322 ἔχει
418 1237 554 1308 οκότος“.

416 1342 465 1402 Ad
488 1365 515 1404 v.
539 1343 584 1403 IV
601 1345 671 1402 477.
716 1343 917 1423 Etymologici
940 1344 1067 1422 glossam
1099 1339 1280 1427 ἀπάργματα
1313 1344 1367 1424 (--
1391 1343 1481 1403 schol.

329 1450 374 1510 IV
391 1453 468 1528 477)
497 1452 556 1508 iam
577 1451 824 1509 Reitzensteinius
846 1450 958 1530 publici
985 1453 1057 1510 iuris
1079 1449 1149 1509 fecit
1170 1451 1202 1509 in
1223 1449 1284 1513 incl.
1307 1450 1372 1510 lect.
1395 1449 1478 1510 Rost.

328 1575 354 1614 a.
382 1554 498 1632 1890s1
524 1563 553 1613 et
575 1553 681 1613 deinde
704 1555 837 1614 Berckm.
866 1577 895 1635 p.
921 1559 969 1614 28.
1024 1553 1174 1614 Scholium
1196 1557 1228 1613 in
1250 1554 1400 1615 codicibus
1422 1563 1481 1613 tra-

329 1660 422 1720 ditum
444 1660 532 1720 valde
554 1663 586 1718 in
608 1659 726 1720 brevius
748 1659 913 1736 redactum,
936 1661 1084 1720 nonnullis
1106 1661 1179 1720 locis
1202 1664 1290 1720 etiam
1313 1669 1480 1740 corruptum

328 1787 390 1826 esse
413 1765 537 1825 videtur.
583 1767 618 1824 In
639 1768 724 1824 initio
753 1766 872 1826 scholii:
905 1763 1085 1849 ἐξάργματα]
1116 1769 1174 1828 τῶν
1208 1763 1419 1828 ἀποθανόντων
1452 1765 1478 1826 οἱ

330 1857 560 1954 δολοφονοῡντες
591 1867 726 1954 ἀρχαίως
758 1861 1031 1954 ἀκρωτήριάοματά
1063 1892 1127 1932 τινα
1153 1869 1272 1933 ἐποίουν
1308 1872 1359 1932 τοῦ
1395 1870 1481 1932 ἀναι-

330 1975 491 2061 ρουμένου,
520 1976 657 2056 duplices
686 1976 754 2034 illos
785 1979 933 2054 genitivos
960 1974 1174 2038 ἀποθανόντων
1205 1985 1235 2038 et
1267 1974 1481 2059 ἀναιρουμένου

328 2092 406 2144 recte
428 2102 459 2142 se
480 2102 540 2141 non
562 2081 670 2140 hebere
694 2090 823 2161 apparet.
869 2083 973 2163 Itaque
996 2082 1060 2142 coll.
1084 2091 1171 2162 etym.
1194 2102 1275 2160 gen:
1300 2071 1481 2166 ἀπάργματα

328 2185 447 2270 λέγεται
477 2181 515 2248 τά
545 2181 600 2247 ὑπὸ
631 2189 688 2248 τῶν
712 2186 876 2269 τραγῳδῶν
909 2183 1153 2272 μαυχαλίοματα.
1185 2189 1278 2250 ταῦτα
1301 2184 1334 2248 δέ
1357 2185 1420 2250 ἐστι
1444 2182 1481 2248 τά

328 2296 380 2356 τοῦ
414 2289 610 2374 φονευθέντος
643 2289 825 2375 ἀκρωτήρια.
861 2290 897 2375 ήν
929 2289 986 2376 γάρ
1010 2291 1134 2376 νόμιμον
1156 2292 1217 2362 τοῖς
1241 2291 1480 2376 δολοφονήοααιν
1572 2337 1573 2378 t

329 2399 498 2488 ἀρουιῶοαι
519 2393 568 2458 τάν
592 2395 680 2480 μόνον
706 2393 754 2458 διά
778 2399 829 2458 τοῦ
854 2396 1109 2482 δολοφονηθέντος
1133 2397 1392 2482 ἀκροτήριαομυῦ,
1424 2399 1480 2458 hoc
1572 2399 1573 2408 ’

328 2504 414 2565 modo
436 2507 552 2563 initium
575 2502 678 2562 scholii
701 2502 915 2563 emendandum
944 2524 1006 2564 esse
1039 2504 1172 2565 videtur:
1206 2493 1391 2588 ἐξάργματα]
1413 2500 1481 2590 <τά)

332 2615 390 2672 τῶν
415 2608 626 2672 ἀποθανόντων
650 2604 840 2693 (ἀκρωτήρια
862 2606 1231 2694 νο1ἀκρωτήριάαματοι>.
1263 2609 1289 2672 ol
1316 2605 1405 2695 <γάρ>
1428 2611 1481 2672 θο-

329 2716 397 2799 λοφ.
415 2715 483 2800 ἀρχ.
501 2712 749 2798 ἀκρωτήριασμόν
763 2711 785 2794 ¹)
808 2735 872 2777 τινα
888 2713 934 2775 ἐπ.
951 2736 975 2776 τ.
994 2713 1089 2800 ἀναιρ,
1134 2717 1235 2775 Etiam
1257 2736 1333 2797 quae
1352 2736 1479 2798 sequun-

329 2831 377 2881 tur
399 2825 457 2882 τῶν
483 2817 515 2880 ἀὲ
538 2817 730 2902 καλουμένων
754 2808 1049 2902 ἀκρωτήριαομάτων
1068 2816 1176 2904 ἄπειρα
1192 2817 1243 2882 καὶ
1260 2816 1356 2882 πολλά
1371 2813 1479 2905 ἐξάργ-

330 2949 424 3011 ματα,
457 2929 499 2986 sic
527 2925 657 3004 intellegi
690 2946 748 2985 non
778 2934 906 3004 possunt.
950 2927 1088 2988 Fortasse
1120 2930 1151 2984 in
1183 2921 1291 3010 ἄπειρα
1320 2930 1478 3005 vestigium

328 3052 427 3092 eorum
449 3032 597 3106 habemus,
620 3051 695 3110 quae
710 3039 778 3091 sunt
792 3033 823 3088 in
839 3039 925 3111 etym.
941 3051 1021 3108 gen:
1044 3027 1081 3092 τά
1105 3027 1138 3091 δὲ
1161 3029 1332 3116 ἀκρωτήρια
1355 3027 1480 3116 εἴρον-

329 3159 391 3207 τες
414 3132 462 3198 καὶ
487 3126 700 3219 συρράπτοντες
724 3131 774 3196 διὰ
796 3140 854 3200 τῶν
877 3138 928 3197 τοῦ
951 3139 1056 3220 νεκροῦ
1080 3137 1243 3220 μασχαλῶν
1259 3133 1309 3198 καὶ
1331 3139 1383 3198 τοῦ
1405 3159 1480 3220 τρα-

328 3232 426 3326 χήλου
449 3239 654 3326 περιετίθεσαν
678 3244 720 3325 τῷ
745 3247 888 3325 νεκρῷ..
908 3288 926 3319 .,
950 3244 992 3300 ita
1014 3240 1131 3322 quidem
1154 3251 1187 3300 ut
1202 3242 1356 3304 uerborum
1379 3241 1480 3301 ordine

332 3351 451 3430 paulum
475 3357 585 3407 mutato
608 3347 681 3407 haec
703 3347 763 3407 fere
785 3351 879 3428 prima
902 3347 994 3406 sonna
1017 3347 1120 3406 scholii
1142 3347 1245 3408 fuerit:
1268 3343 1304 3409 τά
1323 3343 1355 3408 δὲ
1371 3344 1482 3409 καλοά·

330 3476 404 3536 μενα
436 3449 708 3536 ἀκρωτήριάοματα
738 3448 790 3512 καὶ
823 3441 993 3534 ἐξάργματα
1023 3449 1151 3535 εἴροντες
1185 3447 1233 3513 καὶ
1268 3442 1480 3536 συρράπτοντες

328 3555 379 3621 καὶ
410 3561 504 3620 ταῦτα
535 3557 675 3642 λαβόντες
708 3557 838 3640 ἐξήρτων
871 3559 924 3617 τοῦ
957 3557 1110 3640 τραχήλου
1141 3554 1246 3620 αὐτῶν.
1291 3558 1338 3617 De
1360 3559 1425 3638 ipsa
1447 3577 1480 3617 re

329 3668 496 3746 saepissime
518 3666 701 3742 grammatici
724 3665 838 3742 antiqui
861 3661 1101 3741 disputaverunt,
1134 3681 1208 3741 quae
1240 3661 1359 3742 quidem
1382 3663 1480 3722 omnia

329 3771 368 3831 ud
399 3771 626 3851 Aristophanem
656 3769 831 3848 Byzantium
862 3767 992 3827 redeunt.
1049 3767 1094 3831 Cf.
1124 3767 1241 3827 Nauck.
1270 3767 1421 3848 Aristoph.
1445 3768 1476 3826 Β.
1569 3763 1570 3768 ¹

329 3878 412 3954 frgm.
435 3899 464 3958 p.
482 3880 608 3952 221ss.;
631 3876 665 3934 E.
683 3873 796 3950 Rohtle,
818 3874 936 3954 Psyche
957 3896 984 3955 p.
1003 3876 1064 3932 253
1091 3895 1115 3932 a.
1143 3878 1175 3948 13
1199 3873 1315 3934 Kaibel.
1339 3876 1369 3932 in
1391 3872 1479 3954 Soph.

248 4023 250 4028 -
328 3982 375 4042 El.
398 4005 426 4063 p.
454 3986 528 4058 1423
551 3982 758 4042 Wilamowitz.
782 3979 822 4039 ad
843 3980 949 4040 Aesch.
975 3977 1103 4059 Choeph.
1128 3981 1201 4040 439.

329 4148 536 4163 μ--ιι-ι-ι

402 4245 428 4313 1)
448 4241 493 4298 Sic
522 4241 694 4299 scribendum
722 4257 783 4298 esse
810 4249 878 4312 puto
907 4258 957 4312 pro
986 4239 1235 4315 ἀκρωτηριάσματα,
1262 4241 1279 4296 i.
1296 4257 1319 4296 e.
1348 4255 1382 4296 es
1410 4254 1481 4310 quae

328 4333 499 4406 deciduntur,
519 4351 579 4390 cum
599 4335 643 4390 hio
662 4334 782 4405 verbum,
803 4332 875 4404 quod
894 4333 982 4404 ipsam
1001 4332 1201 4388 mutilationem
1220 4330 1364 4404 significet,
1386 4337 1482 4404 postu·

329 4426 410 4486 lctur.
