3194 5200
639 417 686 484 ‘11

102 591 176 682 φησί
200 589 234 660 δέ
256 587 474 680 Ἐρατοσθένης
497 587 528 656 έν
551 593 594 678 τῷ
608 585 847 679 Ἆρχιτεκτονικηῖ
863 585 941 662 ἱστὸς
956 585 1066 676 ατέρνη
1082 585 1246 676 καρχήσιον

105 699 256 788 θωράκιον
277 698 414 786 ἠλακάτη
438 696 544 784 κεραία
566 695 658 784 ἰ’κριον
681 695 719 763 τά
742 695 775 762 δὲ
798 696 874 783 ἄκρα
898 697 1046 783 ἀκρύκεροι
1061 701 1168 758 vitiosa
1183 717 1246 759 esse

100 830 153 892 per
175 810 325 870 Pollucem
348 809 374 888 (Ι
392 811 429 868 91
454 808 491 870 cs.
507 808 643 868 Bethium
666 810 698 866 in
719 807 747 866 h.
769 807 801 886 l.)
825 805 970 880 docemur,
994 807 1044 886 qui
1067 801 1248 888 ἀκροκέραια

100 924 245 978 extremas
266 924 364 997 partes
387 923 531 975 antennae
559 913 706 994 appellet:
738 917 791 995 τῆς
822 907 855 974 δὲ
885 908 1007 994 κεραίας
1036 905 1068 972 τὸ
1102 908 1190 993 μέσον
1214 905 1246 971 τύ

100 1016 177 1084 κατά
201 1016 279 1084 ἱστὸν
303 1016 431 1104 ἄμβολα,
456 1012 493 1080 τά
517 1014 550 1080 δὲ
574 1015 760 1100 ἑκατέρωθεν
788 1014 950 1101 συνέχοντα
980 1013 1116 1098 ἀγκάλαι,
1147 1011 1184 1078 τά
1215 1011 1249 1077 δὲ

100 1125 263 1190 ττολευταῖα
279 1123 477 1209 ἀκροκέραια·
499 1132 577 1184 recte
599 1127 690 1202 igitur
708 1124 826 1186 Keilius
849 1120 997 1206 ἀκρύκερα
1019 1126 1050 1182 in
1068 1120 1248 1206 ἀκροκέραια

100 1235 228 1294 mutavit
249 1235 423 1312 signumque
444 1231 566 1292 lacunae
588 1233 732 1312 apposuit.
778 1227 858 1306 Quid
881 1237 978 1290 antem
1001 1228 1080 1309 quod
1103 1231 1133 1288 iu
1157 1229 1248 1288 schol.

99 1339 147 1398 Pl.
170 1347 200 1400 et
222 1339 289 1400 Par.
312 1338 385 1396 hoec
411 1339 590 1397 invenimus:
623 1329 715 1420 ἴκριον
750 1330 784 1396 δὲ
815 1333 843 1396 οἱ
877 1322 929 1418 μέν
962 1332 1050 1418 μέρος
1081 1336 1133 1395 τοῦ
1167 1333 1249 1396 ἱστοῦ

100 1441 231 1525 λέγουσι,
265 1439 378 1528 βέλτιον
403 1436 436 1504 δὲ
458 1440 535 1503 νοεῖν
557 1433 649 1525 ἴκριον
677 1437 730 1524 τὴν
760 1437 945 1523 καλουμένην
978 1437 1110 1523 κεραίαν,
1144 1437 1179 1522 ἧς
1212 1435 1250 1501 τά

104 1547 182 1634 ἀκρα
205 1547 352 1632 ἀκρύτερα
375 1545 534 1631 (ἀκράκερα
556 1547 601 1625 Ρ.)
633 1545 785 1628 λέγονται·
808 1544 926 1628 λέγεται
959 1541 992 1608 δὲ
1022 1541 1102 1631 ἴκρια
1130 1541 1181 1608 καί
1213 1540 1250 1608 τά

102 1655 298 1738 σανιδώματα
321 1649 364 1724 οἷς
388 1653 415 1714 οἱ
438 1650 587 1715 πάσσαλοι
611 1652 821 1736 πράσκεινταιθ
854 1653 944 1714 Nullo
967 1653 1053 1714 modo
1076 1651 1250 1732 persuadere

102 1761 177 1824 mihi
220 1782 339 1843 possum
375 1763 597 1838 grammaticum
631 1760 724 1820 ullum
762 1761 962 1840 Byzantiuum
998 1761 1074 1819 hanc
1113 1759 1249 1822 lammam

102 1866 212 1928 vidisse
235 1877 265 1928 et
287 1886 303 1927 e
325 1866 419 1928 lexico
442 1865 549 1946 aliquo,
581 1885 655 1947 quae
686 1868 716 1926 in
746 1867 773 1926 F
802 1875 831 1926 et
853 1867 879 1925 P
904 1867 1050 1944 leguntur,
1081 1868 1246 1924 inseruisse.

103 1973 204 2034 Verba
219 1971 423 2032 Eratosthenis
445 1974 476 2030 in
490 1972 543 2032 FP
566 1973 654 2053 paulo
677 1980 744 2054 post
766 1971 908 2032 collocata
930 1980 1005 2031 sunt.
1037 1963 1129 2054 ’ίκριον
1152 1978 1250 2030 autem

104 2078 141 2138 de
165 2086 292 2138 antenna
314 2075 374 2137 dici
395 2079 427 2136 in
459 2077 562 2138 lexicis
590 2080 646 2137 uisi
678 2078 765 2138 fallor
796 2098 856 2138 nou
878 2077 1012 2152 traditur,
1043 2076 1094 2137 sed
1116 2076 1251 2137 Eustath.

102 2206 131 2266 ρ.
152 2185 289 2258 locuto
307 2181 344 2241 ad
358 2181 385 2244 Ο
399 2185 460 2242 675
472 2191 571 2243 mouet
585 2179 714 2266 ἐπίκριον
731 2205 750 2242 a
764 2183 914 2244 nonnullis
928 2191 1083 2244 antennam
1099 2183 1250 2262 appellari.

193 2287 242 2349 Ad
266 2288 325 2348 sch.
349 2288 442 2348 1587
467 2288 585 2349 Keilius
606 2291 637 2350 iu
660 2289 750 2370 praef.
776 2287 914 2350 adnotat:
949 2310 1063 2370 „pauca
1095 2291 1183 2348 etiam
1214 2308 1251 2347 cx

102 2395 358 2474 grammaticorum
381 2397 595 2456 commentariis
625 2399 718 2476 petita
752 2415 846 2454 novae
877 2397 1054 2456 recensionis
1085 2392 1251 2454 conditores

103 2502 347 2580 interposuerunt,
375 2499 569 2560 velut1587
594 2500 783 2581 etymologici
806 2504 938 2582 copias“.
983 2501 1092 2579 Agitur
1115 2502 1192 2560 euim
1215 2498 1252 2558 de

103 2608 226 2681 ratione,
257 2625 333 2686 quae
363 2607 439 2666 inter
470 2606 614 2665 sacrificia
643 2626 814 2686 superorum
842 2615 872 2668 et
893 2607 1051 2666 inferorum
1073 2605 1251 2667 intercedat:

105 2706 215 2792 ἔντομα
237 2711 393 2770 inferorum
415 2711 527 2772 hostias
550 2711 702 2792 appellari,
735 2706 786 2774 διά
816 2706 849 2774 τύ
879 2711 910 2775 ἐν
933 2718 973 2795 γῇ
997 2708 1094 2773 αὐτῶν
1119 2708 1251 2792 ἀποτέμ-

104 2813 212 2877 νεσθαι
234 2810 285 2885 τάς
308 2812 452 2899 κεφαλάς.
475 2816 578 2878 Altera
600 2826 698 2878 autem
719 2821 802 2879 vocis
825 2819 983 2899 explicatio
1005 2821 1037 2878 iu
1060 2817 1151 2878 schol.
1167 2817 1251 2878 Flor.

104 2922 292 3000 adiungitur:
324 2916 410 2983 ἄλλοι
440 2917 474 2983 δέ
505 2918 614 3006 ἔντομά
646 2946 735 3008 φασιν
766 2923 827 2994 τοῖς
849 2923 1010 2985 τεθνεῶσιν
1034 2919 1179 3004 ἐνάγιζον,
1211 2923 1252 2991 ὡς

104 3023 200 3108 ἀγυνα
222 3025 358 3108 ἀγόνοις·
382 3025 441 3098 τοῖς
467 3023 499 3089 δὲ
522 3026 668 3112 οὐρανίοις
692 3028 774 3100 θεοῖς
798 3026 908 3114 ἔνορχα
931 3025 1031 3106 ἔθυον,
1064 3038 1094 3090 et
1125 3031 1188 3088 sim.
1221 3032 1253 3088 iu

104 3134 165 3192 sch.
188 3133 272 3195 Pan:
303 3128 336 3194 τὸ
367 3127 400 3194 δὲ
430 3128 538 3216 ἔντομα
569 3134 662 3217 ἤγουν
691 3134 820 3220 εὐνούχα
845 3131 878 3196 δὲ
900 3133 960 3205 τοῖς
981 3131 1156 3218 τεθνηκόσιν
1181 3129 1251 3195 ἐνά-

104 3238 198 3318 γιζον.
253 3239 416 3318 Utramque
446 3241 669 3322 explicationem
701 3245 790 3302 etiam
821 3251 908 3322 etym.
942 3261 1007 3320 gen.
1031 3268 1072 3294 =
1096 3249 1183 3320 etym.
1215 3261 1252 3300 m.

107 3347 234 3419 345,24
267 3365 289 3404 s.
321 3366 348 3405 v.
384 3339 493 3427 ἔντομα
528 3346 663 3426 praebet:
694 3341 730 3408 τά
761 3347 821 3417 τοῖς
853 3343 1077 3430 κατοιχομένοις
1110 3343 1252 3428 θυύμενα.

105 3445 279 3531 ἐκτέμνεται
301 3444 357 3533 γάρ
385 3447 498 3522 τούτοις
530 3451 546 3512 ὁ
577 3449 737 3535 τράχηλος,
772 3448 808 3514 τά
841 3447 874 3513 δέ
906 3453 966 3522 τοῖς
997 3447 1143 3535 οὐρανίοις
1173 3449 1254 3522 θεοῖς

107 3552 289 3616 ἀνακλᾶται·
313 3557 334 3637 ἢ
357 3551 467 3638 ἔντομα
489 3550 527 3618 τά
549 3555 780 3641 εύνουχισθέντα
803 3559 861 3619 τῶν
885 3554 1059 3642 προβάτων·
1083 3559 1204 3620 τοιαῦτα
1221 3553 1255 3618 δὲ

107 3657 198 3722 ἔθυον
220 3659 280 3729 τοῖς
303 3660 416 3744 νεκροῖς
440 3657 490 3723 διὰ
511 3658 544 3724 τὸ
567 3659 616 3724 καὶ
640 3660 746 3736 αύτούς
766 3659 841 3726 εἶναι
857 3663 981 3745 ἀγόνους
999 3661 1069 3740 ,καί
1085 3685 1131 3746 μιν
1147 3661 1254 3726 κυδαί-

103 3786 205 3835 νοντες
228 3761 284 3826 tat
307 3763 418 3849 κνέφας
448 3763 557 3851 ἔντομα
591 3770 691 3853 μῆλα·
729 3772 849 3852 (1587)
882 3780 912 3832 et
942 3771 1003 3831 fere
1037 3768 1139 3829 eadem
1169 3791 1192 3829 s.
1225 3791 1253 3828 ν.

104 3867 219 3954 χύτλαι
253 3865 313 3932 οἷον
349 3870 464 3956 ,χύτλα
494 3871 527 3936 τέ
560 3873 588 3936 ol
617 3874 744 3959 χεύαντο
773 3872 823 3936 καὶ
846 3877 969 3960 ἥγνισαν
994 3872 1102 3957 ἔντομα
1127 3874 1251 3958 μηλων“

107 3974 153 4059 (Π
178 3977 262 4058 926).
305 3974 402 4062 χύτλα
435 3976 545 4063 κυρίως
578 3976 615 4042 τά
651 3974 718 4064 μεθ’
754 3979 862 4052 ύδατος
895 3977 999 4044 ἔλαια·
1058 3976 1255 4066 Καλλίμαχος

111 4096 249 4184 ,χύτλων
272 4097 493 4166 ἀντιασάντων“
506 4100 530 4184 ¹)
553 4099 662 4190 ἔντομα
685 4105 789 4190 μήλων
812 4101 849 4167 τά
872 4102 1001 4190 εύνοῦχα
1026 4071 1128 4187 (ευνού
1151 4103 1253 4184 redu).

181 4332 208 4401 l)
228 4331 334 4388 Novum
364 4333 450 4402 igitur
482 4335 528 4391 hic
557 4337 636 4407 frgm.
670 4337 831 4416 Callimachi
862 4352 1070 4408 recuperamus,
1108 4334 1156 4390 sed
1193 4349 1253 4389 cum

106 4419 231 4478 Millerur
249 4439 276 4494 ρ.
296 4424 349 4478 512
377 4424 462 4480 uerba
485 4427 577 4498 ἔντομα
606 4430 697 4502 μήλων
725 4429 760 4484 ad
789 4429 950 4484 callimachi
978 4443 1084 4484 versum
1112 4423 1253 4482 rettulerit

107 4527 193 4584 neque
220 4519 307 4569 totum
334 4513 421 4570 locum
451 4519 639 4592 exscripserit,
667 4519 719 4576 viri
737 4518 812 4578 docti
830 4520 859 4575 iu
877 4535 999 4580 errorem
1018 4534 1048 4575 ae
1066 4515 1158 4595 abripi
1176 4515 1253 4594 pessi
