3194 5200
865 338 904 406 le

313 506 339 582 el
372 503 424 580 acl
445 506 611 601 Λυκόφρων
647 509 740 587 ἄλλας
771 516 879 601 νήσους
907 514 1075 590 Καλυδνάς.
1122 516 1166 586 Of.
1190 517 1335 605 Lycophr.
1358 515 1406 584 Al.
1430 539 1459 587 ν.

313 628 352 686 25
377 633 407 686 et
429 624 570 684 Taetaam
592 622 631 682 ad
652 623 680 682 h.
704 623 722 682 l.

398 730 480 790 Sch.
503 729 640 788 11397.
663 731 695 788 in
716 729 770 788 FP
792 729 907 809 plenius
929 739 974 790 est
995 751 1083 812 qnam
1105 734 1136 792 in
1158 732 1245 792 Laur.

398 836 475 896 Sch.
499 835 638 896 11326.
683 834 720 892 In
742 833 795 894 FP
824 835 897 896 haec
927 836 1085 916 explicatio
1115 840 1197 898 vocis
1225 834 1350 921 πείρειν,
1382 857 1456 918 qnae

311 947 343 1003 in
364 944 451 1002 Laur.
476 941 572 1016 deest,
604 941 769 1000 invenitur:
800 963 831 1004 ιι.
865 937 897 1001 δὲ
928 939 1060 1004 ἐνταῦθα
1092 937 1144 1026 μέν
1174 939 1207 1004 τὸ
1237 939 1385 1005 διατελέειν
1407 937 1455 1003 καὶ

312 1051 452 1132 διαπερᾷν
476 1047 516 1116 ὡς
539 1041 572 1108 τὸ
606 1041 746 1127 ,,ἀλγεινὰ
775 1067 808 1108 τε
836 1042 954 1129 κύματα
976 1045 1106 1131 πείρων“
1131 1044 1168 1128 (Ω
1186 1050 1226 1129 8).
1264 1046 1399 1133 ἀλλαχοῦ
1424 1045 1456 1110 δὲ

311 1151 362 1217 καὶ
392 1149 425 1214 τὸ
458 1152 618 1235 διατρνπᾶν
653 1146 830 1234 ,,σπλάγχνα
852 1147 876 1212 τ’
902 1149 948 1236 ἀρ’
973 1150 1194 1238 έρπείραντες“.
1239 1153 1282 1214 cf.
1306 1163 1394 1235 etym.
1416 1175 1454 1217 m.

310 1282 333 1322 s.
356 1282 383 1321 v.
407 1255 553 1342 πειραταί.

397 1365 477 1424 Sch.
500 1363 639 1423 11343.
662 1360 700 1422 de
723 1383 750 1422 v.
766 1359 903 1446 ἀνάρσιος
925 1366 956 1424 in
971 1364 1061 1425 Laut.
1084 1364 1166 1426 deest
1188 1364 1235 1444 (cf.
1250 1364 1349 1446 Apoll.
1365 1363 1454 1446 Soph.

313 1473 601 1549 aa‚10;aym.m.
626 1467 750 1546 eaor).
813 1475 815 1478 ’

398 1574 477 1635 Sch.
501 1573 540 1632 ΙΙ
564 1574 648 1632 548.
692 1573 740 1633 De
769 1574 858 1634 Ponti
880 1575 992 1634 Euxini
1023 1578 1140 1636 nomine
1169 1575 1312 1636 scholium
1342 1578 1375 1636 in
1402 1575 1454 1636 FP

310 1683 435 1743 traditur
456 1684 488 1740 in
510 1680 596 1738 Laur.
621 1679 760 1737 omissum
782 1679 831 1758 (cf.
855 1688 941 1760 etym.
964 1701 1001 1741 m.
1027 1683 1098 1756 394,
1111 1680 1173 1760 48).

399 1787 479 1847 Sch.
502 1785 566 1844 III
584 1786 666 1844 200.
691 1783 782 1844 verba
797 1780 935 1867 Μηδείαν
961 1781 994 1846 δὲ
1016 1783 1162 1870 νεωτέραν
1188 1781 1238 1868 μὲν
1263 1780 1376 1870 Κίρκης
1399 1781 1455 1869 οὐχ

308 1889 481 1977 ἡττωμένην
506 1885 539 1950 δέ
562 1887 654 1971 αὐτῆς
676 1892 707 1948 in
729 1890 817 1950 Laur.
840 1890 952 1950 desunt.

397 1994 476 2059 sch.
501 1996 564 2055 III
582 1998 653 2055 124
664 1998 692 2053 4.
716 1994 770 2054 suh
785 1995 871 2055 finem
893 1999 924 2054 in
939 1996 992 2056 FP
1007 2015 1107 2056 versus
1122 1995 1245 2056 Pindari
1267 1997 1313 2076 (P.
1323 1997 1368 2058 lv
1379 1996 1455 2076 246)

310 2105 508 2182 subiungitur:
533 2096 696 2183 Πίνδαρος·
721 2095 771 2160 καὶ
792 2095 980 2170 Ποσειδῶνος
1005 2097 1162 2184 Πετραίου.

396 2209 474 2270 sch.
497 2207 547 2268 IV
565 2210 635 2266 111.
658 2206 750 2268 verba
774 2201 859 2291 „rrapl
881 2201 938 2289 γὰρ
961 2201 1011 2268 τὸν
1034 2207 1166 2268 τοιοῦτον
1189 2201 1289 2290 καιρὸν
1312 2203 1344 2267 αἱ
1366 2203 1455 2290 αὖραι

308 2314 463 2380 πνέουσινιι
488 2317 519 2372 in
541 2313 594 2371 FP
616 2314 745 2389 genuina
767 2331 830 2371 esse
853 2311 997 2372 videntur.
1029 2311 1170 2372 Conferas
1192 2321 1343 2392 praeterea
1364 2321 1452 2394 etym.

308 2443 372 2501 gen.
397 2448 439 2472 =
462 2428 548 2497 etym.
571 2437 609 2474 m.
636 2419 683 2491 14,
696 2418 746 2490 38,
769 2415 820 2474 uhi
842 2416 933 2476 verba
954 2413 987 2476 τὸ
1009 2413 1193 2498 καλούμενον
1216 2415 1356 2501 houden<
1379 2421 1454 2478 sicut

307 2531 339 2589 in
361 2527 413 2588 FP
436 2531 561 2598 exstant,
584 2543 650 2581 cum
671 2522 757 2582 aliter
778 2524 811 2580 in
832 2522 920 2582 Laut.
943 2522 1067 2600 legatur.

395 2630 476 2692 sch.
499 2629 551 2690 IV
570 2629 655 2690 135.
700 2626 774 2687 (lum
796 2630 828 2686 in
849 2628 936 2688 Laur.
960 2621 1121 2690 Kaouacla
1145 2625 1285 2690 θάλασσα
1305 2649 1358 2709 pro
1379 2631 1454 2690 mari

309 2739 416 2820 Caspio
439 2738 608 2816 accipiatur,
630 2736 661 2794 in
676 2733 729 2792 FP
747 2733 839 2793 altera
861 2734 1019 2813 explicatio
1042 2733 1170 2796 accedit:
1195 2732 1308 2819 βέλτιον
1326 2728 1453 2797 Καυκα-

309 2843 374 2907 clav
397 2839 553 2904 θάλασσαν
575 2841 626 2902 νῦν
648 2833 697 2900 τὸν
721 2833 858 2906 Εὔξεινον
881 2838 958 2900 νοεῖν
983 2885 990 2900 .
1014 2886 1022 2902 .
1047 2885 1055 2901 .

395 2949 473 3009 Sch.
497 2947 549 3007 IV
567 2948 671 3006 1217.
696 2943 787 3004 verba
801 2938 940 3026 Τίραιος]
964 2939 997 3004 δέ
1020 2942 1051 3006 ἐν
1067 2939 1207 3028 Κερκύρᾳ
1230 2942 1324 3026 λέγων
1348 2942 1453 3026 γενέσ-

309 3056 362 3118 θαι
392 3076 408 3115 e
438 3053 527 3112 schol.
557 3050 596 3110 ad
627 3072 654 3109 v.
671 3049 722 3109 ·1v
742 3049 823 3108 1153
855 3048 913 3108 huc
944 3052 1122 3130 transposita
1153 3069 1216 3110 esse
1238 3049 1325 3109 credo
1356 3047 1453 3133 (aliter

307 3160 464 3239 Fitchius),
486 3157 537 3218 sed
559 3157 681 3215 fortasse
706 3149 825 3239 βωμοὺς
849 3152 883 3214 δέ
907 3176 982 3237 φησι
1004 3175 1076 3215 vera
1098 3158 1242 3234 scriptura
1263 3165 1315 3216 est

394 3266 476 3350 Sch.
500 3263 552 3350 111
571 3264 674 3322 1779.
698 3259 735 3320 de
757 3259 868 3320 Aulide
888 3260 1028 3320 Boeotiae
1049 3263 1080 3319 in
1103 3261 1190 3320 Laur.
1214 3260 1304 3320 deest.

395 3370 453 3431 Sed
474 3370 547 3429 haec
574 3365 721 3426 sufficiant
743 3365 781 3424 ad
803 3364 1059 3426 demonstrandum
1089 3365 1200 3426 scholia
1222 3365 1392 3425 Florentiae
1418 3375 1454 3426 et
1570 3393 1571 3418 ι

306 3481 443 3540 Parisino
473 3496 511 3536 ex
542 3477 607 3553 ipae
639 3471 740 3532 codice
765 3471 964 3530 Laurentiano
995 3470 1142 3550 descripta
1172 3490 1235 3530 esse
1265 3491 1324 3530 non
1356 3490 1452 3552 posse.

307 3585 423 3645 Oertiue
453 3589 564 3654 autem,
596 3599 653 3659 quo
678 3575 766 3638 modo
790 3597 855 3634 enm
877 3577 964 3636 Laur.
987 3576 1175 3652 cohaereant,
1208 3585 1237 3636 et
1269 3595 1343 3655 quae
1375 3579 1452 3635 ratio
1570 3593 1571 3652 g

305 3696 382 3752 inter
403 3693 468 3769 ipsa
490 3685 601 3746 scholia
616 3683 660 3743 Fl.
685 3691 714 3743 et
728 3661 762 3742 P.
777 3681 948 3757 intercedat,
970 3684 1026 3740 nisi
1049 3681 1199 3742 codicibus
1221 3681 1334 3742 collatis
1357 3680 1454 3741 adhuc

306 3797 421 3858 definiri
443 3814 501 3852 non
523 3797 625 3871 potest.
669 3787 707 3848 Id
729 3807 799 3848 sane
820 3790 880 3846 iam'
902 3789 945 3848 eie
966 3787 1054 3862 locis,
1087 3807 1160 3867 quos
1190 3786 1381 3865 protulimus,
1413 3805 1453 3845 ne

307 3901 402 3960 dicam
429 3897 466 3958 de
490 3897 562 3962 ‚aliis
590 3897 743 3971 sescentis,
773 3892 825 3953 nbi
853 3894 973 3953 minoris
1001 3895 1141 3955 momenti
1173 3894 1349 3972 scripturae,
1381 3892 1454 3970 quin

306 4011 395 4067 etiam
416 4005 498 4079 vitia,
521 4001 639 4062 scholiis
653 4000 732 4062 Flor.
745 3973 782 4060 ‘et
795 4000 864 4060 Par.
889 4001 1054 4058 communia
1076 4006 1144 4056 sunt
1166 3994 1214 4078 (cf.
1238 4016 1264 4058 e.
1289 4017 1317 4074 g.
1339 3996 1453 4073 1498,

309 4115 407 4187 11263
429 4110 474 4171 IV
491 4107 582 4187 284),
614 4115 750 4186 apparet,
781 4105 837 4163 has
868 4104 942 4164 duas
973 4105 1155 4184 recensiones
1187 4103 1293 4161 artiore
1323 4100 1453 4181 quadam

304 4215 518 4280 necessitudine
546 4217 622 4274 inter
650 4232 682 4272 se
711 4214 879 4270 coniunctas
902 4228 973 4269 esse.
1019 4207 1130 4268 Contra
1151 4225 1221 4266 vero
1243 4227 1301 4266 non
1322 4222 1387 4266 rare
1409 4205 1453 4280 fir,

303 4332 337 4382 ut
364 4321 477 4382 scholia
498 4320 567 4381 Par.
596 4338 662 4378 cum
683 4318 771 4377 Leur.
801 4317 993 4389 conveniant,
1023 4312 1076 4372 ubi
1107 4310 1198 4372 editio
1228 4315 1364 4394 princeps
1393 4311 1463 4412 alia·
1568 4403 1569 4416 ρ

201 4475 202 4478 ¹
302 4428 449 4514 praebeat.
495 4425 631 4488 Oetcrum
654 4422 691 4484 de
713 4421 832 4512 scholiis
854 4421 920 4479 Par.
944 4416 1102 4508 dicendum
1132 4426 1176 4480 est
1206 4418 1315 4501 ubique
1346 4419 1378 4478 in
1409 4419 1453 4478 eie
1568 4481 1569 4500 ,
