3194 5200
865 329 907 408 48

313 505 370 570 τοὺ·
388 503 479 572 αὑτοῦ
502 499 673 592 πράγματος
696 507 790 570 κεῖται
813 530 838 569 κ.
853 530 876 569 τ.
893 508 918 570 λ.
943 509 1066 569 similem
1081 505 1133 570 sed
1153 507 1318 591 pleniorem*
1329 506 1466 589 glossam,

315 635 402 693 quam
432 635 507 694 quae
536 613 613 693 apud
645 610 744 694 Apoll.
774 613 803 676 S.
830 616 932 688 83,16
964 614 1012 694 (εί.
1035 615 1150 674 Bsehol.
1174 617 1199 676 B
1223 615 1299 696 470)
1330 615 1467 690 traditur,

314 732 382 780 ante
405 721 503 779 oeulos
527 719 664 778 habuisse
687 719 810 794 videtur,
833 718 884 780 sed
908 740 967 780 non
992 720 1161 782 observavit
1183 721 1225 782 ibi
1248 720 1308 782 dici
1331 721 1368 782 de
1383 725 1465 781 voci-

312 826 367 884 bns
399 821 523 906 ἡλάσκω
554 833 583 884 et
605 821 789 906 ἡλασκάζω,
821 845 887 884 cum
918 823 997 904 apud
1019 825 1211 905 Apollonium
1234 826 1291 887 Rh.
1315 821 1464 908 ἡγηλάζω

312 941 413 992 exstet.
459 932 562 1010 Neque
584 933 680 990 minus
702 929 812 1009 inepte⁴
827 929 983 1010 adscripsit
1011 931 1100 992 schol
1125 931 1253 992 111052
1285 928 1404 1012 λέγεται
1430 925 1464 990 δὲ

312 1033 365 1104 λάξ
392 1036 413 1098 ,ὑ
438 1031 494 1097 ὑπὸ
525 1041 582 1096 τῶν
617 1033 769 1096 δακτύλων
792 1037 843 1096 τοῦ
867 1031 957 1106 ποδὸς
980 1034 1087 1120 ψόφος.
1134 1034 1273 1118 ἢοὺτω·
1297 1033 1406 1120 κυρίως
1429 1031 1463 1098 τὺ

313 1137 452 1203 ὑποκάτω
486 1145 544 1204 τῶν
573 1127 624 1202 τοὺ
654 1137 745 1210 ποδὸς
779 1138 932 1204 δακτύλων
963 1138 1016 1210 λάξ
1046 1141 1186 1204 καλεῖται.
1233 1139 1326 1212 οὑτως
1350 1139 1464 1204 ἀποδέ-

313 1247 408 1308 δωκεν
432 1242 512 1330 παρά
535 1253 578 1330 τῷ
601 1250 711 1328 ποιητη
735 1243 935 1316 Ποσειδώνιος
961 1243 1033 1322 ,λάξ
1057 1244 1126 1308 ποδί
1148 1246 1289 1330 κινιίγσαςῖι
1314 1242 1466 1332 <K158>.

315 1373 440 1432 quocum
472 1353 604 1412 conferas
635 1352 750 1410 Bschol.
783 1351 821 1410 ad
845 1347 873 1414 K
899 1356 974 1412 158:
1009 1351 1136 1423 εύτύνως
1167 1359 1210 1438 τῷ
1243 1351 1379 1438 δακτύλῳ
1413 1356 1467 1416 τοῦ

315 1454 405 1527 ποδὸς
426 1459 477 1518 τοῦ
502 1455 602 1518 κοίλου
625 1454 731 1540 μέρους
748 1453 900 1542 ἁψάμενος
916 1460 967 1519 τοῦ
985 1456 1154 1540 Διομήδους
1170 1455 1261 1529 ποδὺς
1286 1506 1293 1521 .
1312 1507 1343 1522 ..
1368 1461 1467 1540 (aliter

311 1564 407 1642 Apoll.
432 1564 459 1623 S.
487 1567 610 1638 106‚33
636 1590 676 1616 =
701 1564 790 1622 schol.
811 1561 946 1646 Temni).
993 1565 1126 1645 Apparet
1148 1565 1356 1626 Poseidonium
1378 1566 1461 1625 illem
1491 1588 1495 1593 ·

311 1690 414 1728 vocem
437 1665 489 1737 λάξ
513 1669 727 1728 substantivum
758 1689 820 1729 esse
851 1673 1049 1744 existimasse,
1082 1670 1160 1750 quod
1193 1675 1285 1750 siquis
1317 1671 1393 1731 forte
1425 1691 1463 1731 ex

311 1776 433 1834 Homeri
456 1776 518 1834 loco
542 1775 678 1851 colligere
701 1783 824 1856 poterat,
848 1774 886 1834 ad
901 1775 1053 1855 Apollonii
1076 1776 1165 1836 verba
1187 1779 1305 1836 minime
1321 1775 1462 1856 quadrat:

312 1882 350 1942 ef.
374 1903 401 1942 v.
426 1882 457 1940 ll
477 1884 536 1940 106
571 1875 639 1954 ,τὸν
665 1875 716 1962 μέν
740 1877 811 1942 ὑπὸ
836 1878 1015 1964 στέρνοιο
1041 1881 1106 1966 θοῷ
1128 1877 1197 1943 ποδί
1220 1877 1273 1951 λάξ
1297 1878 1464 1965 ἐπορούσας

313 1985 436 2068 πλῆξε“.
1292 2056 1295 2062 .

400 2091 431 2150 Si
463 2090 500 2150 da
531 2090 632 2166 eadem
665 2110 736 2150 voce
768 2075 797 2148 in
830 2090 1006 2150 scholiorum
1040 2111 1161 2171 corpore
1191 2091 1342 2172 complura
1371 2111 1464 2172 eaque

311 2196 427 2256 diversa
449 2197 559 2256 scholia
581 2199 754 2270 invenimus,
776 2196 832 2256 hoc
855 2205 932 2256 certe
955 2218 1008 2256 nos
1030 2197 1168 2275 colligere
1189 2206 1331 2278 opportet,
1355 2217 1389 2258 ea
1403 2218 1463 2256 non

312 2325 349 2363 ex
381 2324 437 2362 uno
469 2302 628 2381 eodemque
658 2302 739 2362 fonte
769 2302 888 2361 fluxisse
920 2323 1012 2382 posse.
1062 2304 1108 2362 De
1139 2303 1465 2381 significatione

311 2412 393 2466 vocis
424 2404 538 2489 ἐρίπναι
572 2410 668 2466 versui
692 2407 803 2466 11434
828 2407 883 2466 hoe
906 2408 1049 2467 scholium
1072 2411 1227 2489 ascriptum
1251 2418 1315 2469 est:
1347 2405 1464 2492 ἐρίπναι

304 2508 348 2599 δὲ
371 2507 448 2574 κατά
472 2510 524 2595 μέν
548 2535 627 2584 τινας
659 2508 696 2574 τά
726 2509 967 2596 ἀποθραύσματα
999 2517 1057 2576 τῶν
1090 2513 1178 2597 ὑμῶν.
1224 2508 1300 2575 κατά
1331 2508 1364 2575 δὲ
1396 2510 1464 2583 τοὺς

313 2610 571 2701 γλωσσογράφους
590 2614 684 2680 πάντα
700 2613 736 2679 τά
753 2615 807 2702 ύρη
824 2615 939 2702 ἐρίπναι
955 2619 1114 2680 καλοῦνται
1138 2621 1211 2698 (sim.
1227 2620 1285 2678 sch.
1302 2620 1334 2678 ll
1353 2621 1463 2712 1247)ἱ

303 2723 349 2814 ¹de
382 2723 510 2784 eiusdem
544 2727 625 2782 vocis
657 2725 893 2802 veriloquio
916 2723 955 2782 ad
977 2745 1003 2782 v.
1027 2725 1121 2784 1581
1154 2724 1226 2784 haee
1257 2726 1464 2783 inveniuntur:

311 2826 444 2912 ἐρίπνας·
470 2827 645 2912 ἀπορρῶγας
667 2828 811 2905 κολώνας,
838 2827 970 2909 σπήλαια
993 2828 1166 2912 κρημνώδη.
1207 2825 1327 2909 λέγουσι
1351 2823 1384 2888 δέ
1408 2824 1463 2887 οὑ-

313 2957 374 3004 τως
399 2930 448 2995 καί
472 2929 523 3003 τάς
547 2931 643 3006 οἰκίας
667 2930 725 2994 ἀπὸ
749 2936 800 2994 τοῦ
824 2932 1006 3017 ἐρηρείσθαι.
1031 2931 1133 3017 ἐρίπνη
1149 2929 1183 2994 δὲ
1203 2931 1320 3014 λέγεται
1342 2927 1392 2994 ἐπὶ
1412 2933 1466 2993 τού

313 3037 500 3124 ἀκρωτηρίου
523 3034 604 3122 παρά
626 3035 659 3100 τύ
684 3035 759 3121 ἀγαν
781 3037 924 3102 πνέεσθαι
941 3041 990 3120 (cf.
1006 3040 1095 3099 schol.
1115 3039 1296 3098 simillimum
1310 3041 1341 3098 in
1354 3039 1464 3098 Nican-

312 3145 356 3206 dri
379 3147 467 3206 Ther.
493 3150 548 3220 223
581 3154 668 3225 etym.
692 3166 757 3224 gen.
782 3173 822 3198 τ.-
846 3155 933 3226 etym.
957 3168 993 3205 m.
1019 3149 1144 3221 374‚33
1168 3165 1206 3204 ex
1229 3143 1325 3203 Crem.
1347 3142 1462 3205 Anecd.

311 3253 367 3313 Ox.
390 3253 565 3327 11437‚18
590 3248 712 3334 ἐκλογαί
744 3251 896 3335 διαφόρων
928 3248 1059 3332 λέξεων).
1113 3252 1187 3310 Item
1219 3249 1256 3308 de
1283 3270 1358 3308 usu
1380 3251 1463 3308 vocis

310 3359 414 3442 ἠθεῖαι
436 3359 524 3418 schol.
548 3359 669 3418 11152:
701 3357 914 3442 προσφώνησις
945 3359 1014 3440 παρ’
1040 3349 1171 3440 Ὁμήρῳ
1203 3352 1358 3438 νεωτέρων
1389 3349 1462 3437 πρὶς

312 3463 528 3549 πρεσβυτέρους
548 3459 755 3534 Ἀπολλώνιος
779 3461 812 3524 δὲ
836 3463 1078 3546 συλληπτικητη
1105 3458 1213 3546 φράσει
1235 3459 1380 3545 κέχρηται
1412 3460 1461 3540 (cf.

310 3570 408 3650 Apoll.
426 3571 455 3629 S.
471 3573 592 3646 82,31;
614 3570 702 3629 schol.
726 3573 756 3628 in
778 3571 866 3629 Hom.
893 3567 921 3628 Ψ
938 3572 987 3643 94,
1013 3563 1043 3628 X
1062 3570 1150 3647 229);
1173 3567 1210 3628 de
1232 3566 1462 3646 veriloquio

303 3685 409 3764 autem
424 3676 513 3736 schol.
530 3676 563 3734 II
582 3680 680 3736 1219:
705 3670 787 3758 οἶμαι
811 3677 874 3736 κατ’
897 3672 1050 3736 ἐπένθεσιν
1074 3676 1126 3736 τοῦ
1149 3697 1168 3756 η
1192 3669 1345 3754 γεγονέναι
1361 3671 1463 3754 ὥσπερ

302 3778 360 3870 ,καί
382 3777 415 3842 τύ
441 3777 523 3866 βαιὸς
545 3780 662 3865 ἠβαιύς,
698 3777 763 3863 μύω
787 3777 886 3863 ἠμύω.
934 3777 1071 3863 σημαίνει
1095 3775 1128 3839 δὲ
1149 3772 1225 3839 κατά
1248 3772 1281 3838 τὺ
1303 3775 1462 3862 πρόχειρον

310 3883 343 3947 τύ
372 3885 451 3964 θεῖε,
483 3883 637 3967 συγγενές,
673 3887 692 3968 ἠ
723 3883 755 3947 τύ
787 3882 952 3970 θαυμάσιε,
990 3884 1138 3968 μηδαμῶς
1163 3883 1187 3944 ὦ
1212 3879 1363 3966 θαυμάσιε
1385 3882 1405 3964 ἢ
1428 3876 1462 3942 τύ

311 3989 393 4054 καλέ.
439 3989 482 4052 (tf.
506 4002 593 4073 etym.
616 4013 682 4071 gen.
699 3990 746 4046 '=
770 4003 807 4053 et.
830 4014 866 4052 m.
891 3995 963 4068 422,
979 3996 1014 4052 ll
1041 3989 1293 4052 eGhoerohosco.

397 4097 487 4158 Vocis
510 4095 691 4180 ὑπερφίαλος
714 4099 745 4156 in
768 4098 886 4156 scholiis
908 4096 967 4156 duo
989 4097 1153 4176 veriloquio
1183 4095 1337 4172 leguntur:
1370 4091 1462 4154 schol.

309 4205 342 4264 II
359 4207 398 4264 54
423 4200 631 4288 ὑπερφιάλοις·
656 4200 867 4286 ὑπερηφάνοις.
899 4202 919 4284 ἡ
945 4197 977 4262 δὲ
1001 4196 1157 4285 μεταφορὰ
1180 4196 1239 4262 ἀπὸ
1262 4203 1315 4282 τῆς
1339 4195 1460 4282 φιάλης.

197 4359 199 4366 .
308 4307 342 4373 τύ
365 4310 421 4395 γάρ
444 4309 578 4394 πληθύον
602 4306 694 4392 αὐτῆς
718 4305 911 4392 ὑπερφίαλον,
936 4303 998 4370 ἀντὶ
1022 4309 1073 4368 τοῦ
1098 4303 1288 4390 ὑπέρμετρον.
1313 4300 1408 4388 φιάλη
1428 4301 1464 4365 δὲ

310 4411 389 4488 εἶδος
411 4415 602 4504 λεβητιὺδους
630 4411 771 4499 ἀγγείου,
804 4434 880 4498 quae
911 4413 1090 4498 etymologia
1112 4435 1130 4474 a
1152 4413 1272 4476 scholiis
1293 4411 1465 4473 Homericis
