3194 5200
897 403 935 470 to

346 569 405 641 Sed
425 583 522 642 tamen
544 599 604 642 non
626 599 738 644 omnem
760 582 963 646 anctoritatem
985 579 1034 644 hie
1055 579 1173 647 scholiis
1195 583 1242 652 Fl.
1274 581 1487 671 denegarerlm,

346 707 413 747 oum
434 687 539 749 verba:
572 685 828 772 Φαραθέντα
853 685 929 753 δ’ἐπὶ
952 686 1077 774 κλοπείφ
1100 694 1159 755 τῶν
1183 692 1262 778 βοῶν
1284 692 1413 781 Ἰφίκλου
1436 701 1487 762 τοῦ

347 789 489 854 Φυλάκου
512 789 561 856 καὶ
586 793 796 880 συλληφθέντα
822 793 870 859 ὑπ’
892 793 984 860 ἀυτοῦ
1007 793 1056 860 τὸν
1080 793 1265 882 Μελάμπουν
1288 824 1347 864 non
1368 806 1486 866 fortuito

346 920 411 960 num
434 899 607 981 Apollodori
632 898 786 986 φωραθεὶς
810 899 844 964 δέ
868 899 917 964 ἐπὶ
946 902 984 986 τῇ
1012 903 1108 986 κλοπῇ
1138 902 1257 989 δέσμιος
1286 906 1318 971 ἐν
1348 908 1487 994 οἰκήματι

346 1002 527 1088 ἐφυλάττετο
550 1012 707 1070 convenire
729 1009 853 1085 credam,
881 1030 933 1090 pro
958 1009 1062 1090 quibus
1083 1011 1114 1071 in
1136 1011 1223 1072 Laur.
1246 1016 1437 1098 similiterque
1457 1022 1487 1079 in

345 1111 412 1171 Par.
436 1112 508 1173 haee
532 1113 681 1192 leguntur:
715 1113 816 1198 διόπερ
846 1111 887 1198 (Ρ)
897 1113 922 1193 1)
952 1115 1115 1178 κλέπτοντα
1145 1113 1232 1180 αὐτὸν
1262 1116 1315 1190 τὰς
1347 1122 1415 1206 βοῦς
1445 1123 1486 1195 εἰς

344 1211 466 1298 Αἴγιναν
489 1215 542 1301 τὴν
565 1218 648 1281 πόλιν
671 1218 895 1304 περιληφθέντα
918 1219 1052 1302 δεθῆναι.
1086 1223 1219 1304 Itemque
1241 1245 1316 1306 quae
1331 1229 1385 1288 snb
1400 1231 1486 1291 finem

344 1325 433 1385 schol.
457 1327 483 1385 F
505 1326 583 1386 etP
614 1327 776 1388 adduntur:
807 1326 823 1387 ὁ
856 1321 889 1387 δὲ
913 1314 1314 1412 Ἴφικλος“...Μελάμπυδα
1337 1331 1486 1406 αἰδεσθεὶς

343 1430 488 1495 ἀπέλυσεν
512 1427 631 1503 ἐπιδοὺς
654 1429 736 1516 αὐτῷ
759 1427 811 1502 τὰς
836 1433 915 1517 βοῦς,
938 1429 972 1502 ἃς
996 1430 1119 1515 ἀφίκετο
1148 1432 1265 1520 κλέψαι,
1296 1458 1367 1499 vera
1395 1450 1485 1501 reata-

344 1559 401 1619 que
427 1559 490 1600 esse
517 1538 661 1608 videntur.
706 1537 877 1598 Notandum
911 1540 1000 1598 etiam
1031 1547 1076 1598 est
1106 1542 1137 1599 in
1167 1542 1255 1602 schol.
1279 1542 1486 1624 Apollonianis

343 1645 420 1704 tradi
442 1645 589 1727 Iphiclum
610 1649 706 1726 ipsum
727 1649 759 1704 in
785 1643 914 1718 aedibus,
945 1664 1065 1724 quarum
1095 1647 1196 1706 ruinas
1218 1647 1384 1730 Melampus
1405 1673 1487 1733 prae-

345 1749 460 1825 dixerit,
492 1752 647 1825 habitasse,
679 1771 744 1810 eum
776 1749 847 1811 alibi
879 1757 992 1810 tantum
1024 1749 1061 1810 de
1090 1771 1204 1813 earcere
1225 1754 1419 1837 Melampodis
1440 1779 1486 1819 res

342 1859 380 1916 sit
402 1857 450 1936 (of.
474 1857 561 1916 schol.
577 1856 667 1917 λ287
692 1855 903 1936 ePherecydis
924 1855 1092 1934 libroV113
1115 1859 1204 1920 schol.
1228 1860 1353 1922 Theoor.
1370 1864 1485 1941 111453

341 1970 495 2043 utrumque
517 1964 612 2022 locum
633 1963 807 2023 Eustathius
829 1963 869 2042 (p.
897 1963 990 2036 1685,
1005 1962 1058 2042 28)
1090 1961 1239 2048 adhibuit3
1270 1967 1305 2026 ef.
1336 1977 1485 2048 praeterea

341 2067 478 2148 Apollod.
502 2069 572 2129 bibl.
587 2069 675 2149 196).

431 2175 639 2236 Schol1409.
679 2174 752 2235 Cum
775 2177 807 2234 in
829 2172 892 2233 eod.
915 2174 1002 2233 Laur.
1026 2173 1190 2254 explicatio,
1214 2197 1303 2256 quam
1324 2179 1363 2239 ad
1385 2201 1486 2242 voeem

342 2278 502 2365 οῦλοχῦτοιι
523 2285 668 2361 pertinere
689 2299 774 2340 nemo
795 2300 854 2338 non
876 2277 959 2338 videt
981 2279 1032 2357 (ct.
1056 2287 1143 2359 etym.
1165 2301 1202 2340 m.
1222 2285 1362 2361 641,293
1384 2285 1482 2366 Apoll.

342 2385 372 2447 S.
398 2389 536 2464 124‚15;
565 2386 683 2447 Kaibel.
715 2385 797 2446 Oom.
829 2405 871 2462 gr.
908 2406 935 2446 v.
953 2384 976 2442 ·I
1008 2383 1047 2443 ad
1077 2385 1238 2446 Diuolochi
1267 2389 1301 2448 fr.
1326 2392 1388 2469 13),
1419 2395 1486 2452 voci

340 2491 465 2577 χέρνιβα
488 2495 657 2570 ascribatru,
688 2498 719 2552 iu
741 2494 801 2553 FP.
824 2501 903 2552 reete
925 2491 964 2552 ad
986 2489 1150 2577 οὐλοχύτας
1180 2493 1312 2571 refertur,
1342 2498 1485 2578 simulque

342 2599 380 2660 ad
402 2597 527 2686 χέρνιβα
549 2599 682 2661 additur:
705 2594 748 2668 οἷς
771 2593 822 2668 τὰς
844 2596 948 2681 χεῖρας
970 2594 1128 2660 νίπτουσιν.

429 2707 497 2769 soh.
513 2707 615 2768 1554.
649 2705 805 2766 Chironem
827 2704 919 2763 filium
941 2704 1054 2764 Ixionis
1077 2723 1138 2764 esse
1160 2707 1192 2763 in
1215 2705 1303 2768 sehol.
1326 2707 1485 2768 seeundum

342 2811 451 2874 Suidae
465 2813 638 2873 Thessalica
659 2811 792 2885 traditur,
815 2810 923 2890 quibus
945 2811 1042 2870 verbis
1064 2813 1095 2870 in
1119 2810 1207 2870 schol.
1223 2812 1269 2873 Fl.
1287 2820 1316 2872 et
1331 2813 1398 2872 Par.
1414 2814 1486 2874 haee

343 2919 574 2997 subiunguntur:
606 2917 707 3000 ὥσπερ
738 2911 788 2978 καὶ
820 2911 887 2984 τοὺς
915 2909 1023 2984 ἄλλους
1047 2910 1243 2998 Κενταύρους.
1288 2917 1335 2978 De
1358 2917 1484 2980 Centau-

341 3045 438 3083 rorum
461 3032 526 3083 0rtu
555 3027 655 3084 variae
686 3023 804 3082 fabulae
834 3020 913 3102 apud
946 3029 1049 3101 poetas
1079 3030 1234 3081 narrantur
1266 3017 1314 3101 (cf.
1337 3023 1425 3084 Diod.
1439 3025 1486 3085 IV

344 3133 393 3201 69,
407 3131 470 3204 70),
492 3133 568 3190 inter
590 3151 662 3209 quas
684 3129 756 3189 haee
779 3126 857 3208 quod
879 3127 993 3186 Ixionis
1014 3126 1123 3187 fuerint
1143 3127 1205 3202 filii,
1229 3126 1365 3209 idemque
1386 3140 1486 3190 narrat

340 3235 481 3314 Hyginus
502 3237 534 3294 in
555 3236 574 3294 f.
596 3236 689 3295 LXII
715 3235 821 3306 „Ixion
852 3231 974 3292 Leontei
1006 3232 1084 3292 filius
1115 3240 1237 3292 conatus
1269 3242 1314 3294 est
1343 3235 1486 3296 Iunonem

342 3344 537 3420 comprimere.
573 3341 647 3400 Iuno
663 3341 745 3400 Iovis
759 3342 838 3398 iussu
854 3337 961 3398 nubem
976 3341 1137 3418 supposuit,
1161 3357 1248 3418 quam
1263 3339 1349 3399 Ixion
1363 3341 1485 3402 Iunonis

342 3447 528 3506 elmulanrum
551 3467 615 3507 esse
637 3445 769 3507 eredidit.
792 3465 830 3505 ex
853 3465 887 3505 ea
910 3447 971 3503 nati
995 3453 1061 3503 sunt
1084 3441 1243 3504 Centauri“
1257 3441 1288 3524 Y).

427 3551 486 3612 Sed
521 3552 617 3612 adhue
649 3552 786 3631 sortasse,
823 3553 914 3631 siquis
946 3549 1040 3608 Keilii
1073 3553 1233 3611 sententiae
1265 3551 1378 3627 faveat,
1411 3553 1486 3614 mihi

341 3667 483 3738 opponet:
514 3659 578 3718 fieri
611 3679 681 3718 sane
711 3659 842 3738 potuisse
872 3663 905 3714 ut
936 3654 1128 3734 interpolator
1154 3655 1205 3716 ille
1226 3659 1291 3737 ipse
1312 3657 1484 3736 Homerum,

341 3763 563 3843 Apollodorum,
595 3763 768 3837 Diodorum,
800 3761 995 3842 etymologica
1026 3761 1140 3836 adierit,
1172 3761 1250 3822 unde
1272 3763 1384 3823 scholia
1406 3785 1485 3824 com-

340 3870 440 3950 pleret.
464 3871 515 3930 Fit
537 3879 632 3930 autem
656 3873 761 3930 certior
783 3867 872 3928 schol.
896 3867 942 3926 Fl.
965 3875 995 3926 et
1009 3867 1077 3926 Par.
1093 3871 1251 3928 auotoritas
1265 3871 1297 3928 in
1311 3871 1370 3928 seh.
1387 3871 1484 3931 1566.

340 3977 509 4056 Numquae
524 3979 654 4037 inLaur.
671 3977 821 4055 leguntur:
839 3970 885 4035 ἐπ’
904 3971 1046 4057 ἰκριόφιν;
1063 3967 1096 4034 τὸ
1111 3967 1203 4057 ἰ’κριον
1219 3975 1271 4036 τοῦ
1287 3973 1368 4050 ἱστοῦ
1385 3973 1484 4060 μέρος.

416 4154 442 4223 1)
461 4153 594 4210 Fortasse
613 4153 697 4209 schol.
717 4152 803 4208 multo
822 4149 930 4206 auctius
950 4148 1011 4214 tuit,
1031 4147 1066 4204 et.
1085 4148 1212 4218 Apollod.

413 4246 441 4313 2)
460 4241 555 4314 Neque
574 4244 660 4312 igitur
679 4244 777 4300 Bethio
797 4241 942 4308 assentior,
971 4239 1017 4308 qui
1042 4247 1123 4310 putat
1147 4242 1270 4312 (Quaest.
1291 4242 1370 4300 Diod.
1389 4262 1416 4315 p.
1437 4248 1486 4318 56)

341 4333 515 4402 neglegentia
527 4333 642 4390 Diodori
660 4333 809 4404 eademque
823 4330 923 4403 Hygini
943 4321 1045 4384 latrum
1064 4347 1133 4400 esse,
1152 4337 1182 4386 ut
1200 4331 1313 4389 tradant
1332 4350 1386 4390 non
1402 4352 1486 4391 unum

340 4422 425 4479 filium
445 4424 618 4492 Centaurum,
638 4425 687 4481 sed
705 4425 857 4480 centauros
876 4437 910 4476 ex
929 4419 1023 4477 Ixione
1043 4426 1119 4476 ortos
1137 4436 1207 4492 esse,
1230 4438 1289 4479 oum
1307 4423 1353 4480 hle
1371 4427 1486 4482 tertium

339 4521 438 4576 testem
458 4513 701 4587 deprehendemus.
