3194 5200
902 404 944 471 '1'2

346 576 439 646 ruico
464 573 590 666 μάλιστα
614 575 747 646 ἀπέθυον
769 572 911 667 (μάλιστά
933 579 1021 650 ἔθυον
1045 571 1086 664 Α)
1113 583 1173 659 τοῖς
1196 587 1309 674 νεκροῖς
1333 571 1378 662 ὡς
1398 563 1492 674 ἀγονοι

348 683 418 752 όντα
439 683 490 751 καί
513 686 613 761 αὐτοῖς
638 687 754 772 ἀγόνοις
778 686 858 754 οὖσιν
883 693 930 772 (cl.
954 701 1041 776 etym.
1064 715 1100 756 m.
1126 699 1197 773 816,
1211 696 1257 778 6);
1282 706 1405 781 utraque
1428 706 1490 782 ety-

347 797 485 876 mologici
516 797 616 876 glossa
647 806 725 859 certe
757 819 793 859 ex
826 800 913 860 schol.
947 799 1045 884 Apoll.
1080 812 1218 884 excerpta
1252 813 1303 881 est,
1338 813 1371 866 ut
1402 809 1491 868 mirer

346 904 485 980 Keilium,
509 903 587 985 quod
610 903 756 966 adducere
778 927 832 966 nos
856 916 986 984 conatur,
1009 918 1050 984 ut,
1074 931 1147 991 quae
1171 910 1208 971 ab
1226 913 1310 971 initio
1325 915 1357 972 in
1371 913 1491 974 scholiis

347 1010 464 1086 fuerint,
486 1019 587 1090 postea
609 1011 729 1072 fortuito
752 1015 858 1072 omissa
879 1034 916 1073 ex
932 1015 989 1074 alio
1012 1015 1088 1075 libro
1110 1017 1141 1075 in
1164 1015 1274 1093 eodem,
1297 1039 1354 1098 quo
1377 1020 1493 1081 fuerant

347 1123 432 1175 antea
462 1116 535 1190 loco,
565 1119 737 1196 interposita
768 1138 831 1178 esse
863 1120 1020 1180 credamus
1066 1121 1132 1182 seh.
1156 1123 1264 1186 1624.
1313 1125 1413 1184 Etiam
1442 1126 1494 1186 hie

345 1221 435 1295 locus,
459 1243 635 1302 quamquam
657 1221 694 1282 de
716 1227 818 1302 paucis
841 1231 955 1284 tantum
977 1225 1075 1285 verbis
1098 1247 1144 1286 res
1167 1237 1219 1303 est,
1249 1227 1288 1287 ad
1310 1231 1493 1308 singularum

349 1328 526 1386 scholiorum
560 1331 760 1388 recensionum
795 1329 881 1390 fidem
912 1331 1123 1391 aestimandam
1153 1333 1265 1414 aliquid
1295 1357 1365 1396 usus
1393 1337 1494 1398 affert:

348 1433 496 1494 Oenoeam
518 1435 644 1494 insulam
666 1443 767 1514 postea
785 1436 914 1496 Sicinum
939 1438 1119 1517 appellatum
1141 1459 1203 1499 esse
1226 1435 1284 1500 ἀπὸ
1301 1437 1417 1503 Σικίνου
1440 1445 1494 1504 τοῦ

350 1537 416 1599 υἱοῦ
440 1536 568 1608 Θόαντος
591 1535 641 1600 καί
665 1561 782 1622 νυμφης
800 1537 918 1623 Οἰνοίης
935 1545 964 1601 ἱιι
980 1544 1195 1604 Laurentiano.
1212 1592 1217 1604 .
1233 1541 1310 1606 ,ἀπὸ
1325 1543 1358 1607 Σ.
1376 1569 1399 1608 τ.
1417 1545 1442 1609 ὑ.
1457 1545 1493 1610 Θ.

347 1639 397 1704 καί
422 1640 535 1726 Naidos
559 1641 676 1728 νύμφης
698 1650 729 1705 in
751 1647 812 1706 FP.
836 1647 968 1707 traditur.
1013 1649 1177 1729 Utrumque
1206 1650 1348 1711 scholium
1378 1663 1493 1732 partem

345 1755 489 1828 genuinae
512 1755 671 1831 scripturae
699 1773 830 1812 servasse
857 1731 1050 1833 etymologine
1081 1775 1144 1833 gen.
1170 1783 1210 1808 =
1234 1765 1270 1816 et.
1301 1778 1338 1817 m.
1363 1762 1435 1832 712,
1449 1765 1490 1820 48

347 1861 456 1936 optime
479 1857 707 1920 demonstratur:
741 1855 961 1940 μετωνομάσθη
994 1855 1026 1919 δὲ
1049 1856 1108 1920 ἀπὸ
1132 1859 1197 1922 υἱοῦ
1221 1859 1350 1934 Θόαντος
1374 1861 1492 1927 Σικίνου

344 1957 396 2024 καί
418 1961 537 2045 νύμφης
561 1960 668 2044 Οἰνόης
693 1959 806 2032 Ναίδος
818 1961 852 2038 1).
901 1958 1093 2034 Ἀπολλώνιος
1118 1962 1210 2045 (ναίάο
1234 1969 1328 2046 codd.)
1374 1973 1409 2030 ln
1432 1973 1491 2031 sch.

345 2071 446 2129 1789
482 2090 529 2128 res
563 2070 697 2130 similiter
730 2091 760 2130 se
797 2070 904 2130 habere
941 2071 1073 2147 videtur3
1111 2073 1164 2132 uhi
1200 2071 1353 2156 προατάδα
1389 2079 1421 2136 in
1455 2079 1492 2153 L,

345 2171 484 2236 παστάδα
505 2179 537 2234 in
559 2185 647 2255 etym.
670 2197 735 2254 gen.
761 2203 801 2228 ==
826 2186 861 2237 et.
885 2199 920 2236 m.
946 2179 1080 2254 665,45,
1112 2176 1319 2262 προπαστάδα,
1352 2203 1386 2241 ac
1412 2193 1492 2244 recte

349 2281 464 2363 quidem
487 2291 521 2340 ut
542 2281 666 2356 videtur,
689 2285 720 2341 in
742 2283 803 2341 FP.
827 2274 967 2362 scriptum
990 2292 1042 2343 est.

435 2389 500 2448 Sch.
517 2389 617 2447 1940.
644 2389 681 2446 In
696 2389 785 2448 Laur.
808 2389 930 2466 legitur:
955 2385 1061 2471 ἰσθμὸς
1085 2385 1118 2450 δὲ
1140 2389 1274 2452 καλεῖται
1297 2390 1312 2451 ὁ
1336 2390 1365 2460 ἐξ
1389 2390 1493 2475 ἀμφυ-

346 2490 438 2576 τέρων
473 2495 532 2554 τῶν
568 2495 665 2575 μερῶν
701 2489 856 2554 θάλασσαν
891 2489 970 2578 ἔχων
1003 2493 1306 2580 τόπος.,.πυρ6μ6ς
1343 2493 1375 2558 δὲ
1405 2497 1424 2579 ἡ
1461 2497 1492 2566 ἐξ

352 2595 530 2680 ἀμφοτέρων
554 2602 592 2680 ll
617 2594 696 2681 ἔχων
719 2599 769 2658 uhi
791 2599 908 2659 Keilius
932 2598 947 2659 ὁ
970 2621 1022 2680 pro
1045 2599 1064 2682 ἡ
1090 2605 1224 2677 correxit,
1251 2601 1302 2662 sed
1324 2588 1492 2678 vera-sunt,

346 2725 421 2784 quae
442 2705 500 2764 sch.
522 2705 557 2767 F.
581 2713 610 2764 et
625 2705 659 2764 P.
683 2705 839 2784 praebent:
863 2702 1059 2788 ...πορθμός
1077 2701 1109 2766 δὲ
1131 2707 1151 2788 η
1176 2706 1204 2775 ἐξ
1229 2705 1408 2791 ἀμφοτέρων
1432 2711 1489 2768 τῶν

350 2812 447 2892 μερῶν
471 2814 526 2892 γῆν
549 2805 662 2893 ἔχουσα
686 2807 771 2892 στενὴ
796 2807 945 2873 θάλασσα.
991 2810 1097 2872 Fidem
1125 2813 1196 2871 facit
1218 2820 1303 2892 etym.
1327 2833 1391 2891 gen.
1416 2835 1437 2872 s.
1462 2835 1488 2871 v·

349 2911 662 2998 ἰσθμός...πυρθμὸς
694 2911 727 2976 δὲ
757 2912 843 2997 στενὴ
875 2913 1015 2977 θάλασσα
1046 2911 1153 2998 μεταξὺ
1186 2915 1239 2978 δύο
1271 2921 1380 2998 φαιῶν,
1415 2938 1491 2999 quae

349 3021 466 3102 quidem
503 3043 563 3080 non
600 3042 616 3080 e
646 3020 734 3080 schol.
769 3020 857 3100 Apln.
889 3019 941 3079 sed
974 3041 1011 3080 ex
1043 3021 1213 3080 Herodiano
1245 3025 1392 3102 exscripta
1424 3031 1492 3082 sunt

346 3125 453 3206 (οὕτως
473 3119 680 3210 Ἥρωδιανός·
712 3130 773 3184 sim.
805 3134 843 3186 et.
873 3147 937 3204 gen.
967 3149 988 3184 a.
1017 3149 1045 3188 v.
1069 3125 1229 3210 πορθμός)·
1261 3128 1349 3187 schol.
1373 3129 1488 3188 11159

345 3233 408 3304 ταῖς
426 3231 512 3317 χερσί
527 3255 553 3296 τι
570 3229 705 3316 πράττειν
728 3233 798 3308 LP.‚
820 3232 871 3292 sed
887 3227 919 3292 τὸ
938 3229 1041 3314 βιάιως
1057 3255 1082 3293 τ.
1095 3255 1124 3316 χ.
1142 3237 1340 3317 πραττόμενον
1362 3237 1394 3292 in
1409 3233 1490 3296 Flor.

346 3344 428 3400 etin
451 3322 537 3419 etym.
561 3342 938 3417 gen.=a.m.408‚29.
972 3340 1020 3398 Ex
1036 3339 1125 3399 schol.
1141 3343 1172 3398 in
1187 3341 1340 3400 v.·11266
1355 3344 1387 3398 in
1401 3348 1488 3419 etym.
1525 3331 1528 3338 ’

348 3465 412 3523 gen.
437 3445 483 3524 (cf.
508 3454 543 3505 et.
568 3451 604 3503 m.
631 3445 769 3519 39628)
791 3444 864 3504 haec
886 3453 1023 3524 excerpta
1053 3453 1136 3504 sunt:
1166 3442 1333 3514 ἑλετπίδοςε
1366 3441 1489 3518 ,ριείοεά

345 3571 377 3612 τε
399 3549 551 3634 προλιπὼν
583 3545 632 3611 καί
656 3547 833 3619 ἑλεσπίδαςιι
859 3550 1005 3629 (11266).
1038 3547 1143 3610 πείαεα
1171 3549 1198 3611 οἱ
1226 3547 1372 3634 κάθυγροι
1394 3549 1487 3610 τόποι.
1569 3561 1570 3632 ]

347 3654 504 3727 ἑλεσπίδας
528 3653 561 3716 δὲ
585 3655 612 3717 oi
636 3651 687 3738 μὲν
711 3651 778 3724 τοὺς
802 3652 972 3736 συμφύτους
995 3653 1112 3726 τόπους,
1146 3655 1172 3717 οἱ
1204 3651 1237 3716 δὲ
1264 3651 1331 3726 τοὺς
1355 3653 1488 3729 ἑλώδεις,
1569 3677 1570 3690 ’

346 3759 465 3844 ἄμεινον
490 3757 523 3822 δὲ
545 3757 612 3830 τοὺς
636 3761 797 3844 πετρώδεις
820 3765 875 3835 (sie
891 3762 931 3836 B3
955 3761 1122 3844 πατρώδεις
1142 3763 1184 3838 Α;
1208 3761 1352 3832 λεπάδας
1375 3771 1410 3823 et.
1435 3761 1489 3845 m.)

346 3868 426 3952 παρὰ
448 3865 481 3929 τὸ
505 3866 679 3930 hellenichus
702 3863 758 3928 ὑπὸ
782 3869 839 3928 τῶν
864 3863 981 3949 ἀνέμων
1005 3869 1024 3950 ἢ
1049 3863 1106 3928 ὑπὸ
1137 3870 1195 3928 τῶν
1227 3865 1386 3951 κυμάτων·
1419 3866 1487 3928 ὅθεν

344 4074 452 4114 versum
471 4057 577 4114 efficere
595 4059 680 4113 variis
699 4057 785 4112 modis
803 4058 895 4112 conati
916 4063 987 4124 sunt,
1016 4055 1053 4110 ef.
1072 4055 1230 4125 Schneider,
1259 4054 1444 4112 Callimachus
1462 4054 1490 4110 11

345 4164 371 4216 p.
392 4150 452 4216 636,
474 4147 581 4201 frustra
600 4148 716 4216 quidem,
743 4154 774 4201 ut
793 4164 864 4201 nunc
883 4146 1014 4210 videmus,
1040 4161 1102 4199 nam
1121 4145 1205 4200 verba
1224 4147 1271 4200 ἐντ.
1293 4146 1354 4219 μηλ.
1374 4151 1402 4200 et
1421 4163 1447 4214 q.
1467 4160 1488 4200 s·
1569 4209 1570 4214 ρ

343 4255 379 4294 ex
398 4238 483 4292 schol.
503 4238 596 4307 Apoll.
616 4238 780 4306 deprompta
800 4244 870 4290 sunt.
1569 4223 1570 4234 ¹

418 4329 444 4396 l)
462 4325 607 4383 Kaibelius
637 4327 758 4382 fortasse
786 4329 829 4380 καὶ
858 4324 959 4398 νύμφης
989 4323 1105 4398 oetam:
1134 4324 1307 4381 scribendum
1337 4341 1399 4381 erse
1430 4340 1488 4379 sus·
1569 4337 1570 4416 ρ

344 4417 462 4485 picatum
491 4434 551 4471 cum
570 4417 652 4472 etiam
678 4418 731 4472 hoc
756 4417 814 4471 eius
838 4432 934 4470 nomen
962 4415 1094 4470 traditum
1121 4416 1173 4471 ait:
1199 4417 1284 4472 schol.
1302 4415 1418 4471 Theocr.
1438 4415 1488 4470 13.

344 4507 470 4570 Ceterum
491 4507 525 4562 cf.
546 4508 602 4563 sch.
622 4506 702 4578 Apln.
722 4507 830 4563 11990:
846 4504 965 4580 Ἁρμονία
983 4507 1069 4582 νάμφη
1091 4505 1164 4568 Ναῒς·
