3194 5200
658 361 698 426 lo

102 518 259 621 mologiam
282 539 399 623 profert.
443 539 618 600 simillimus
640 548 736 601 autem
756 539 881 621 ideoque
903 541 973 600 item
996 537 1147 600 escholiis
1162 531 1250 620 Apln.

103 647 300 729 depromptus,
325 667 499 728 quamquam
521 649 553 707 in
575 646 726 706 codicibus
748 646 863 706 nullum
878 649 1036 725 vestigium
1051 655 1157 722 exstet,
1179 646 1253 707 alter

102 763 191 834 etym.
214 773 278 833 gen.
300 753 381 813 locus
404 762 448 813 est
471 750 517 835 (cl.
542 761 580 813 et.
602 773 640 812 m.
665 753 737 826 705,
751 749 806 834 34)
838 749 982 835 ρύχθεονε
1019 747 1161 835 ,μεγάλῳ
1196 747 1252 812 ύπύ

101 857 210 942 κύματι
233 855 337 942 πέτραι
361 856 509 942 ῥόχθεονιι
534 859 592 938 (lv
611 857 694 937 924).
726 853 798 918 ποιά
821 855 919 940 φωνή.
949 853 1091 941 ἔστιγὰρ
1114 852 1147 918 τύ
1171 853 1252 940 ύδωρ

102 963 145 1034 εἰς
167 959 204 1026 τά
225 964 401 1047 κοιλώματα
420 967 480 1028 τῶν
496 967 610 1048 πετρῶν
627 961 727 1026 εἰσιύν.
752 963 835 1024 δοκεῖ
858 959 891 1024 δὲ
914 963 1008 1026 ποιεῖν
1031 961 1130 1048 ράχθα
1154 961 1253 1046 ρύχθα

103 1067 213 1155 ρύχθα.

189 1177 289 1237 Etiam
311 1175 402 1240 schol.
425 1177 537 1237 11568
560 1175 678 1238 uberius
701 1197 788 1258 quam
811 1179 842 1235 in
866 1175 1017 1235 codicibus
1038 1177 1070 1234 in
1083 1183 1170 1254 etym.
1186 1195 1251 1253 gen.

101 1291 132 1343 et
150 1292 239 1363 etym.
257 1281 333 1342 Gud.
353 1285 423 1358 296,
437 1284 477 1342 25
501 1286 678 1364 exscriptum
700 1283 855 1343 habemus:
879 1276 1045 1361 Κύλωνί)
1069 1275 1130 1343 οἷον
1156 1279 1254 1356 ,τίκτε

102 1385 136 1449 δέ
179 1411 226 1471 μιν
260 1385 626 1474 νύμφη-βαθυρρείοντά
657 1409 689 1450 τε
722 1383 858 1450 Κάλπιν“
896 1387 941 1466 (ΙΙ
964 1389 1035 1461 555,
1054 1390 1103 1462 56,
1122 1389 1171 1464 57,
1189 1391 1252 1462 59).

102 1491 258 1565 Διονύσιος
282 1491 316 1556 δὲ
342 1493 358 1555 ὁ
384 1489 544 1578 Ὀλβιανύς
567 1493 677 1579 ἱστορεῖ
698 1494 801 1578 ήῖύνας
824 1491 968 1576 λέγεσθαι
986 1487 1158 1576 Ἀχιλλέως
1182 1491 1254 1576 δρύ-

102 1622 186 1684 μους.
232 1594 351 1670 Κάλπις
386 1596 419 1661 δὲ
451 1595 583 1683 ποταμὸς
607 1591 761 1670 Βιθυνίας.
793 1595 967 1684 διαφέρεται
998 1595 1048 1660 οὖν
1080 1595 1180 1681 κάλπη
1204 1594 1253 1660 καὶ

101 1700 230 1776 Κάλπις.
260 1701 360 1788 κάλπη
387 1699 438 1788 μὲν
463 1701 512 1766 ούν
537 1703 655 1787 λέγεται
677 1706 697 1789 ή
722 1702 819 1790 ὑδρία,
844 1699 961 1774 Κάλπις
985 1699 1018 1764 δὲ
1040 1699 1172 1788 ποταμὸς
1196 1699 1253 1765 Βι-

101 1809 207 1880 θυνίας
230 1811 279 1894 (cf.
302 1811 391 1870 schol.
414 1809 502 1870 Laut.
524 1811 557 1870 Π
575 1813 660 1888 658).
1241 1795 1243 1798 ’

189 1916 241 1976 Ad
262 1937 288 1975 v.
312 1916 440 1976 11706:
464 1915 548 1992 Quae
570 1937 592 1976 s.
616 1938 643 1976 v.
666 1911 823 2000 Παρνασός
850 1916 898 1996 (ci.
923 1924 959 1976 et.
983 1936 1018 1974 m.
1046 1917 1117 1992 655,
1131 1916 1164 1995 4)
1185 1916 1253 1975 Mil-

99 2023 179 2083 lerus
201 2043 227 2102 p.
254 2023 315 2081 237
340 2029 476 2101 oormpta
497 2021 622 2100 legerat,
646 2031 784 2103 excerpto
806 2042 822 2082 e
844 2021 934 2081 schol.
957 2021 1068 2080 11706
1092 2021 1139 2102 (cf.
1164 2025 1253 2082 etiam

100 2127 236 2187 Berckm.
259 2147 288 2207 p.
302 2127 364 2205 39),
386 2127 459 2186 haec
480 2129 512 2185 in
534 2125 599 2186 cod.
618 2127 714 2188 Vetic.
740 2131 854 2205 integra
876 2128 961 2186 nobis
983 2136 1153 2188 occurrunt:
1176 2125 1254 2188 Δελ-

102 2229 200 2316 φύνης
223 2227 257 2293 δὲ
280 2229 415 2293 ἐκαλεῖτο
438 2231 453 2292 δ
478 2229 641 2316 φυλάσσων
667 2229 700 2294 τδ
724 2231 755 2295 ἐν
779 2231 906 2317 Δελφοῖς
928 2229 1118 2316 χρηστήριον.
1150 2235 1251 2295 τοῦτον

100 2335 264 2422 ἐφόνευσεν
294 2328 491 2399 δἈπύλλων
516 2335 687 2420 θελήσαντα
718 2337 856 2401 ἐπελθεῖν
887 2333 937 2399 καὶ
962 2337 1151 2422 ἐπιχειρήσαι
1173 2337 1253 2412 (ἐπι-

99 2441 233 2528 χειρίσαι
256 2438 295 2523 Α)
328 2447 366 2528 τή
397 2439 485 2527 μητρί
518 2440 609 2506 αὐτοῦ
640 2443 744 2528 Λητοῖ.
798 2435 1002 2515 Ἀπολλώνιος
1035 2443 1051 2505 δ
1082 2439 1119 2506 τά
1137 2439 1253 2529 Ἀργο-

100 2545 237 2613 ναυτικά.

189 2655 320 2715 Maxime
344 2663 511 2736 corruptum
533 2673 596 2717 esse
619 2655 709 2717 schol.
733 2657 766 2715 Π
783 2659 845 2717 968
869 2657 1064 2737 etymologico
1086 2677 1153 2734 gen.
1170 2657 1254 2718 doce-

100 2781 183 2837 mur,
215 2761 265 2820 ubi
287 2781 309 2822 s.
332 2783 360 2821 v.
384 2759 544 2846 ἀμείδητος
573 2763 647 2824 haec
675 2763 844 2824 traduntur:
876 2761 922 2842 (cl.
950 2771 1039 2842 etym,
1061 2783 1099 2824 m.
1125 2765 1174 2838 82,
1194 2765 1252 2838 28;

100 2868 260 2928 Reitzenst.
283 2887 311 2946 p.
337 2865 592 2952 24)-ἀμείδητοςι
628 2867 807 2952 ἀμειδήτους
840 2859 886 2954 „qi
909 2867 939 2930 ἐν
963 2866 1143 2951 ἀμειδήτους
1166 2865 1253 2950 άγίας

99 2968 242 3054 ηὐλίζετο
264 2970 389 3042 νύκτας“
415 2973 460 3053 (ΙΙ
477 2975 560 3054 903).
585 2969 637 3044 τάς
661 2972 793 3058 φρικτάς,
817 2973 848 3036 ἐν
872 2969 918 3044 αἶς
942 2969 996 3034 ούκ
1017 2972 1080 3034 ἐστι
1103 2973 1254 3056 μειδιᾶσαι

101 3073 175 3139 οὐδὲ
191 3075 325 3159 γελάσαι.
349 3079 370 3162 ή
388 3077 431 3140 ὅτι
447 3076 576 3164 φοβεροί
592 3075 729 3142 εἰσινκαὶ
747 3076 902 3141 σκοτειναί.
927 3077 1013 3160 ἁγίας
1038 3075 1071 3139 δὲ
1093 3075 1145 3150 τάς
1161 3075 1252 3161 ἁγνάς

102 3177 153 3244 διά
177 3179 210 3244 τύ
234 3182 265 3246 ἐν
289 3182 391 3253 αύταῖς
408 3179 537 3266 ἄγεσθαι
559 3179 596 3247 τά
613 3185 769 3270 μυστήρια.
812 3180 1020 3255 Ἀπολλώνιος
1044 3183 1059 3245 ὁ
1082 3179 1119 3246 τά
1141 3176 1253 3269 Ἀργο-

101 3285 236 3350 ναυτικά.
281 3290 318 3349 In
340 3289 461 3350 scholiis
483 3299 580 3351 autem
610 3295 694 3372 quasi
725 3313 752 3352 v.
783 3289 943 3375 ἀμείδητος
973 3291 1150 3372 explicetur,
1181 3293 1253 3352 hoec

101 3393 303 3474 proieumtur:
336 3385 417 3481 ᾦὲν
441 3394 580 3480 ἀμειδήι
612 3395 679 3480 ἤτοι
710 3393 841 3482 φοβερὰς
873 3393 922 3458 διά
953 3391 990 3458 τά
1024 3396 1170 3480 μυστήρια
1200 3399 1251 3458 τοῦ

102 3497 188 3580 θεοῦ,
211 3501 232 3584 ή
256 3499 300 3563 ὅτι
324 3501 451 3587 φοβεραί
474 3501 547 3565 εἰσιν
563 3502 593 3565 αἱ
615 3500 725 3573 νύκτες,
772 3499 936 3587 Εὐριπίδης
954 3499 1088 3586 ,νύκτωρ
1104 3498 1141 3563 τά
1156 3497 1252 3565 πολλὰ

102 3602 258 3689 σεμνότητ’
280 3601 345 3692 ἔχει
368 3605 491 3678 σκύτος“
517 3609 638 3692 (Bacch.
655 3613 740 3687 486).
786 3609 845 3670 Sed
867 3629 904 3669 ex
927 3617 1014 3688 etym.
1037 3607 1102 3668 loco
1123 3618 1251 3690 apparet,

101 3705 202 3770 verbis
226 3707 296 3785 ,διά
318 3708 355 3774 τά
378 3713 526 3797 μυστήρια
547 3715 600 3775 τοῦ
625 3714 717 3776 θεού“
742 3735 844 3776 vocem
864 3711 960 3796 ἁγίας,
984 3734 1043 3774 non
1065 3711 1252 3797 ἀμειδήτους,

101 3816 254 3896 explicari,
277 3821 404 3900 itemque
426 3819 579 3901 Euripidis
601 3840 701 3880 versus
724 3818 761 3880 de
783 3841 896 3879 sacro
921 3821 1018 3878 noctis
1040 3819 1165 3896 caligine
1187 3827 1251 3879 tan·

101 3929 166 3980 tum
188 3921 227 3982 ad
249 3917 352 3986 vocem
375 3922 461 4008 ἁγίας
483 3926 584 3990 referri
606 3935 718 4008 potest,
747 3947 814 3985 cum
842 3927 923 3985 vocis
945 3923 1124 4008 ἀμειδήτους
1146 3926 1251 3986 verilo-

177 4193 203 4263 l)
221 4193 375 4253 Brunckius
394 4196 431 4253 sd
450 4198 541 4270 Apoll.
561 4199 666 4256 111659
686 4199 747 4256 coll.
767 4199 861 4271 Steph.
881 4199 912 4255 B.
932 4217 952 4257 s.
973 4217 997 4256 v.
1016 4200 1101 4274 κάλπη
1121 4207 1150 4256 οι
1177 4155 1268 4256 Stre·-

102 4280 174 4340 boue
191 4283 255 4354 (ΧΗ
274 4301 300 4356 p.
320 4289 386 4360 643)
404 4297 488 4358 recte,
507 4297 539 4348 ut
556 4291 623 4346 mihi
642 4289 764 4360 videtur,
785 4287 895 4365 Κάλπην
915 4291 1051 4359 correxit,
1069 4291 1188 4360 itemque
1206 4290 1252 4344 hic

102 4373 430 4541 {ilpglypppogpplpoubique
448 4395 500 4452 pro
518 4377 619 4443 Κάλπις
638 4389 666 4439 et
684 4378 798 4439 Kotllou:
828 4379 938 4459 Κάλπης
957 4389 985 4440 st
1004 4377 1114 4456 Κάλπην
1132 4380 1252 4437 scriben-
