3194 5200
866 363 905 424 46

312 541 394 600 vocis
410 539 618 619 interpretatio,
640 535 765 618 ideoque
781 559 817 598 ex
834 540 892 598 alio
910 540 989 600 fonte
1013 542 1168 620 exscripta,
1192 549 1288 602 exstet
1310 537 1349 601 ad
1359 536 1466 622 Apoll.

311 647 367 707 Rh.
401 668 428 705 v.
462 646 572 720 14563
613 641 821 726 μέσαυλονι
860 647 919 708 sch.
952 645 1078 706 111235
1114 673 1153 700 =
1189 648 1308 708 Tsohol.
1332 646 1365 709 ’Λ
1390 651 1464 723 548,

313 753 373 811 sch.
398 746 423 810 P
451 754 519 824 112,
544 749 641 828 Apoll.
666 750 693 809 S.
722 755 790 825 111,
805 754 860 826 243
887 749 1015 832 νὴεονι
1040 753 1098 812 sch.
1124 753 1217 812 1403
1243 779 1282 806 =
1308 753 1409 834 Apoll.
1434 754 1465 814 S.

315 860 454 932 116,14;
479 851 719 938 οὐλοχύταιε
743 857 802 916 sch.
826 857 919 916 1409
946 883 985 910 =
1010 857 1310 936 Ap011.s.124,15;
1334 857 1465 942 παροί-

312 985 442 1030 τατοςε
474 961 532 1020 soh.
555 961 652 1020 1910
678 962 839 1040 :Apoll
864 963 891 1022 S.
921 967 1033 1037 128‚5,
1068 963 1183 1022 Bschol.
1209 961 1238 1024 Ψ
1262 965 1341 1040 459;
1376 986 1467 1046 σκη-

314 1065 452 1150 placo:
488 1068 549 1128 sch.
584 1067 616 1124 ΙΙ
633 1070 693 1125 667
729 1093 769 1119 =
803 1067 892 1146 Apoll
934 1067 962 1127 S.
997 1072 1135 1143 mure,
1170 1069 1317 1129 BTschol.
1352 1069 1382 1127 N
1406 1073 1465 1146 593

313 1169 527 1240 οπιλάδεςι
559 1173 618 1231 sch.
643 1173 688 1232 IV
705 1176 766 1232 788
801 1199 841 1226 ==
873 1174 970 1252 Apoll.
1000 1174 1028 1233 S.
1057 1177 1158 1248 144,7
1191 1201 1231 1227 =
1263 1174 1320 1234 lex.
1343 1175 1464 1237 Bachm.

314 1284 384 1353 368,
399 1283 454 1354 303
478 1273 686 1360 τηλύγετοςι
710 1279 770 1338 sch.
794 1279 877 1355 197;
903 1283 973 1354 1463
999 1283 1060 1338 718
1086 1305 1125 1331 =
1149 1279 1246 1359 Apoll.
1272 1279 1301 1340 S.
1327 1283 1397 1356 152,
1413 1284 1463 1357 16,

312 1386 371 1444 sch.
398 1381 419 1444 Γ
445 1383 530 1444 175ᾏ
559 1385 784 1463 Nonnumquam
808 1387 895 1442 etiam
918 1385 965 1460 fit,
995 1394 1028 1444 ut
1058 1388 1090 1442 in
1113 1385 1232 1444 scholiis
1255 1385 1464 1466 Apollonianis

312 1493 441 1570 pleniora
474 1497 589 1548 servata
619 1492 693 1564 sint,
725 1509 799 1569 quae
831 1489 909 1568 apud
931 1490 1119 1569 Apollonium
1143 1490 1171 1551 S.
1202 1491 1250 1551 vel
1277 1494 1308 1550 in
1342 1491 1463 1551 scholiis

311 1598 475 1655 Homericis
490 1570 549 1654 'aut
571 1594 724 1654 decurtata
747 1604 797 1653 aut
820 1598 937 1654 omnino
960 1599 1060 1655 excisa
1083 1605 1164 1656 sunt:
1192 1606 1225 1655 ut
1248 1599 1278 1655 in
1301 1597 1401 1675 glossa
1423 1596 1462 1664 de

311 1725 338 1762 v.
364 1699 563 1784 μέλαθρον
587 1700 659 1779 (sch.
683 1702 825 1775 111087,
849 1701 883 1760 cf.
900 1701 1000 1780 Apoll.
1017 1701 1045 1761 S.
1065 1705 1134 1777 110,
1150 1705 1198 1777 30,
1222 1703 1312 1761 schol.
1336 1724 1357 1785 χ
1377 1703 1463 1793 239),

310 1809 361 1867 ubi
385 1808 511 1867 Cratetis
533 1827 647 1880 nomen,
670 1805 749 1884 quod
773 1805 850 1884 apud
874 1806 972 1884 Apoll.
997 1806 1026 1868 S.
1052 1805 1141 1880 deest,
1164 1810 1196 1866 in
1218 1807 1338 1867 scholiis
1361 1807 1460 1887 Apoll.

311 1921 449 1973 servatur.
494 1913 593 1970 Etiam
616 1911 703 1970 docta
725 1911 824 1989 glossa
847 1911 933 1970 adv.
957 1913 1069 1987 1292,
1100 1912 1152 1971 uhi
1186 1933 1232 1972 res
1261 1923 1306 1973 eat
1327 1912 1364 1972 de
1386 1915 1464 1973 veri-

310 2020 410 2099 loquio
432 2021 513 2077 vocis
535 2014 715 2100 κινύρεοθαι,
740 2037 776 2076 ex
800 2017 900 2076 eodem
916 2017 1011 2077 lexico
1025 2021 1118 2098 petita
1134 2037 1197 2078 esse
1212 2017 1337 2094 videtur,
1361 2039 1462 2098 quam-

311 2147 398 2216 quam
421 2145 497 2183 nunc
518 2124 561 2182 ibi
583 2123 693 2182 nullum
715 2123 796 2182 illius
818 2127 975 2201 vestigium
1005 2133 1117 2183 exstat:
1148 2121 1298 2208 κινύρετο·
1330 2123 1462 2207 ἐθρήνει.

309 2229 419 2315 κυρίως
443 2225 476 2290 δὲ
499 2226 670 2312 κινύρεσθαί
701 2227 778 2290 ἐστιν
808 2224 857 2289 ἐπί
883 2227 966 2313 βοός,
999 2227 1049 2290 καί
1072 2222 1187 2313 εἴρηται
1211 2225 1292 2314 παρὰ
1314 2225 1347 2291 τί
1370 2229 1460 2292 κινεῖν

310 2334 363 2419 τὴν
386 2331 474 2420 οὐρὰν
498 2334 593 2418 ἐντῷ
617 2333 778 2417 μυκᾶσθαι.
815 2329 865 2394 καί
887 2330 992 2396 Ἀπίων
1015 2331 1048 2395 δέ
1072 2333 1167 2419 εὑρὼν
1189 2332 1241 2418 τὴν
1266 2332 1460 2419 ἐτυμολογίαν

311 2439 391 2525 παρὰ
406 2437 621 2523 Ἀπολλοδώρῳ
644 2437 762 2522 ταύτην,
786 2438 829 2500 ὅτι
851 2441 958 2523 ταῦρος
981 2438 1099 2522 λέγεται
1122 2436 1203 2524 παρὰ
1222 2435 1256 2501 τὸ
1277 2437 1383 2502 τείνειν
1406 2436 1462 2522 τὴν

312 2545 417 2631 οὐράν,
452 2543 599 2629 μετέθηκε
630 2542 683 2628 τὴν
714 2543 828 2628 είίρεσιν
860 2549 912 2628 τῆς
940 2543 1143 2629 ἐτυμολογίας.
1188 2546 1302 2607 Eadem
1324 2547 1462 2626 leguntur

310 2658 341 2713 in
373 2664 460 2734 etym.
485 2675 523 2712 m.
549 2654 673 2732 514,19
707 2671 729 2712 s.
753 2673 780 2711 v.
810 2651 912 2734 κινυρή
945 2653 992 2731 (cf.
1017 2654 1114 2731 Apoll.
1140 2653 1169 2713 S.
1196 2656 1245 2728 99,
1260 2653 1329 2733 28):
1361 2656 1462 2712 nesam

311 2770 406 2820 utrum
438 2779 474 2818 ex
508 2759 626 2816 scholiis
658 2759 823 2817 Homericis
856 2779 894 2816 an
925 2757 1130 2837 Apollonianis
1163 2767 1285 2838 sumpta.
1338 2758 1462 2818 Lemma

310 2866 412 2949 κινυρίΙ
436 2876 513 2925 certe
535 2865 573 2923 ad
595 2864 699 2923 Iliadis
722 2859 828 2924 ν.Ρό
854 2873 982 2942 spectat;
1009 2863 1204 2944 veriloquium
1227 2872 1323 2924 autem
1338 2871 1367 2923 et
1382 2862 1463 2942 apud

310 2973 409 3053 Apoll.
434 2971 462 3030 S.
486 2979 515 3030 et
543 2973 574 3028 in
608 2970 726 3028 scholiis
754 2969 791 3027 ad
814 2990 841 3028 ν.
865 2970 898 3028 Ρ.
925 2973 941 3026 τ’)
966 2969 1083 3030 excidit.
1138 2969 1279 3028 Conferas
1310 2976 1462 3048 praeterea

311 3079 369 3138 sch.
393 3077 482 3156 Apln.
507 3077 622 3134 11354
648 3075 696 3154 (de
720 3095 747 3133 v.
772 3072 966 3158 ἐρέουσιν)
999 3095 1065 3134 cum
1095 3074 1196 3155 Apoll.
1220 3074 1248 3134 S.
1273 3076 1370 3148 76,1,
1400 3071 1461 3134 sch.

313 3205 334 3266 φ
366 3185 424 3259 313
462 3183 521 3242 sch.
549 3183 643 3240 1305
677 3176 788 3260 (ἔται)
823 3202 888 3240 cum
919 3181 1018 3260 Apoll.
1057 3181 1085 3241 S.
1120 3183 1217 3256 78,7;
1252 3180 1312 3240 sch.
1345 3182 1460 3240 11016

315 3290 364 3369 (de
386 3289 508 3348 vocibus
535 3283 704 3348 θύελλαι
727 3295 756 3346 et
779 3285 961 3370 ἅρπυιαι)
985 3308 1050 3346 cum
1067 3286 1164 3367 Apoll.
1181 3287 1209 3346 S.
1227 3290 1277 3360 88,
1291 3287 1344 3362 aa,
1371 3285 1462 3346 schol.

311 3391 1462 3475 171418ο111485(λωφήσομενλωφήια)ουιιιΑροίΙ.8.109,24,

310 3500 398 3560 schol.
416 3499 529 3559 Townl.
544 3495 572 3557 (1)
586 3501 656 3573 892,
681 3497 853 3578 Oxyrynch.
877 3519 942 3578 pap.
959 3500 992 3558 ΙΙ
1012 3520 1039 3578 p.
1053 3501 1110 3574 713
1134 3497 1194 3556 sch.
1217 3498 1310 3555 1401
1336 3493 1461 3577 (οἰήϊα)

310 3627 375 3664 cum
398 3605 497 3684 Apoll.
522 3605 550 3664 S.
578 3609 647 3678 119,
663 3610 695 3680 13
728 3606 786 3663 seh.
811 3607 826 3664 I
851 3609 909 3664 431
937 3601 1180 3686 (περιρρηδὴς)
1203 3623 1269 3662 cum
1291 3602 1349 3661 sch.
1372 3621 1394 3685 χ
1419 3603 1461 3660 84

310 3711 423 3792 (Apoll.
447 3711 475 3770 S.
502 3713 571 3784 130,
585 3711 633 3789 7),
670 3711 728 3769 sch.
752 3711 822 3769 Ill
850 3708 1043 3794 (προχοαί)
1066 3731 1131 3770 cum
1155 3709 1212 3767 sch.
1236 3709 1262 3767 P
1287 3711 1364 3783 263,
1398 3707 1460 3768 sch.

309 3819 420 3877 11677
445 3813 620 3896 (οτυγέω)
644 3837 708 3875 cum
731 3816 829 3896 Apoll.
854 3817 882 3877 S.
911 3819 1042 3892 145,26.

397 3921 480 3995 Quae
503 3922 636 4002 exempla
659 3923 745 3982 facilc
769 3943 875 4002 augere
905 3925 1031 4003 possim,
1064 3920 1116 3981 sed
1147 3922 1195 3981 hic
1224 3917 1256 3978 id
1278 3917 1371 3977 solum
1395 3935 1460 3995 ago,

309 4039 340 4089 ut
364 4029 496 4107 singulas
518 4037 633 4108 partes,
668 4049 705 4088 ex
738 4029 844 4109 quibus
867 4030 1041 4088 scholiorum
1066 4047 1170 4107 corpus
1193 4026 1385 4105 compositum
1407 4031 1461 4096 est,

309 4135 502 4195 demonstrem
525 4143 554 4194 et
576 4135 755 4208 describam,
788 4156 846 4194 non
878 4143 911 4194 ut
942 4153 1087 4214 quamque
1109 4142 1221 4214 partem
1244 4133 1331 4191 certis
1353 4127 1461 4187 finibus

309 4241 446 4301 deliniam
469 4243 550 4300 etin
571 4260 746 4320 unoquoque
769 4241 879 4299 scholio
903 4239 981 4299 unde
1003 4243 1126 4319 petitum
1150 4241 1189 4297 sit
1211 4255 1358 4317 quaeram,
1380 4231 1461 4314 quod

309 4346 427 4426 quidem
459 4346 516 4404 alio
548 4345 612 4404 loco
643 4348 808 4404 accuratius
840 4365 886 4405 me
917 4345 1055 4425 perficere
1086 4363 1173 4425 posse
1207 4361 1300 4422 sporo.
1354 4340 1463 4418 Neque

307 4455 395 4515 etiam
416 4470 538 4534 semper,
560 4451 637 4514 unde
660 4451 778 4531 singula
800 4455 894 4536 petita
917 4454 984 4529 sint,
1008 4453 1144 4532 cognosci
1160 4451 1279 4510 omnino
1300 4452 1404 4530 potest,
1427 4453 1463 4507 ut
