3194 5200
835 412 873 468 66

284 582 468 662 explicantur
490 590 522 641 nt
543 585 574 642 in
596 583 655 642 sch.
680 582 809 642 111090
833 582 946 662 (πεῦσις
969 577 1020 642 καί
1043 581 1212 666 ἀπόκρισις·
1237 577 1300 644 εἶτα
1317 582 1424 666 ,ὥσπερ

283 683 477 768 ἐμπνευσθείς
500 684 655 770 ἐπιφέρει.
671 735 677 747 .
693 689 729 766 .);
753 686 811 746 sch.
829 687 873 747 IV
888 689 948 746 557
973 683 1061 770 (μετά
1081 684 1135 770 τὴν
1159 689 1260 750 πεῦσιν
1276 685 1424 769 ἐμπνευσ-

283 788 346 862 θείς
377 791 511 854 ἐντεῦθεν
544 789 667 876 ἀρχεται
699 794 750 852 τοῦ
783 790 995 874 διηγήματος);
1027 793 1085 853 sch.
1115 794 1160 854 IV
1176 796 1266 852 1381.
1317 792 1445 852 Eidem.

281 901 431 978 interpreti
461 899 583 959 tortasse
613 920 719 977 magna
751 919 819 979 pars
850 899 1027 958 scholiorum
1059 902 1118 958 iam
1150 921 1238 979 supra
1272 900 1310 979 (p
1335 903 1375 958 42
1388 899 1424 979 s.)

282 1004 435 1064 allatorum
457 1003 644 1065 attribuenda
666 1013 718 1080 est,
740 1007 770 1064 in
794 1005 899 1085 quibus
920 1007 991 1066 item
1013 1024 1060 1065 res
1082 1013 1126 1065 cst
1144 1004 1181 1066 do
1195 1006 1296 1084 figuris
1310 1005 1423 1064 formis-

283 1129 337 1189 que
369 1111 548 1171 elocutionis.
595 1109 730 1171 (letarum
762 1111 817 1170 hoc
847 1130 940 1189 genus
971 1111 1155 1187 scholiorum,
1187 1120 1289 1191 poetae
1319 1107 1422 1192 κρίσις,

281 1235 403 1294 quorum
439 1215 562 1275 similem
602 1219 717 1296 copiam
753 1219 908 1295 praecipue
939 1215 1092 1295 Euripidis
1125 1215 1223 1276 Oresti
1257 1216 1421 1296 Hippolyto

280 1319 411 1396 Medeae,
440 1323 567 1380 maxime
599 1329 695 1381 autem
725 1320 885 1398 tragoediis
907 1321 1060 1402 Sophoclis
1084 1321 1260 1402 adscriptam
1282 1324 1422 1397 invenies,

280 1447 345 1486 cum
377 1429 493 1505 scriptis
523 1426 583 1484 illis
614 1426 774 1502 rhetoricis,
808 1447 881 1507 quae
913 1449 931 1486 a
958 1427 1087 1488 Caecilio
1118 1436 1147 1488 et
1168 1429 1313 1506 Dionysio
1335 1427 1421 1486 Hali-

280 1533 459 1590 carnassensi
479 1533 597 1591 initium
619 1535 739 1612 capiunt
761 1541 790 1593 et
814 1553 936 1612 quorum
964 1533 1227 1613 praeclarissimum
1256 1532 1421 1612 exemplum

279 1637 412 1698 libellum
444 1631 512 1719 περί
546 1633 637 1720 ὕψους
670 1646 781 1713 exstat,
815 1641 960 1699 artissime
991 1639 1143 1714 cohaeret,
1180 1641 1221 1698 ita
1254 1647 1288 1698 ut
1320 1637 1421 1698 eadem

279 1742 413 1822 exempla
443 1742 540 1803 redire
569 1743 738 1804 videamus:
770 1744 804 1804 cf.
835 1745 894 1806 sch.
919 1745 1012 1804 1485
1037 1765 1102 1804 cum
1123 1745 1217 1810 libelli
1239 1738 1306 1826 περί
1329 1739 1421 1827 ὕψους

278 1870 306 1928 p.
331 1851 371 1908 33
384 1869 446 1928 sqq.
464 1847 520 1928 (ed.
544 1848 600 1924 V.).
645 1849 765 1910 Praeter
798 1851 856 1908 alia
888 1851 937 1910 hic
968 1853 1110 1930 interpres
1141 1850 1295 1931 Apollonii
1328 1858 1421 1910 artem

277 1963 382 2034 poetae
405 1953 559 2032 diligenter
581 1953 748 2014 observavit
769 1975 864 2036 neque
891 1959 988 2016 omisit
1018 1956 1170 2037 permultis
1200 1957 1273 2016 locis
1306 1959 1420 2036 copiose

279 2059 427 2134 adnotare,
451 2081 537 2140 quam
560 2069 629 2140 epte
650 2069 738 2141 poeta
760 2060 862 2122 mores'
875 2071 1066 2143 naturamque
1079 2063 1257 2140 singulorum
1272 2062 1420 2122 hominum

278 2165 475 2246 descripserit,
507 2187 593 2247 quam
622 2166 697 2228 benc
727 2186 826 2274 eorum
857 2169 946 2228 verba
976 2177 1006 2228 et
1037 2169 1115 2229 tacta
1144 2169 1183 2228 ad
1214 2188 1319 2243 mores,
1352 2188 1419 2228 con-

278 2273 415 2348 diciones,
446 2280 578 2352 tempora
607 2272 825 2334 accommodare
854 2273 997 2349 didicerit,
1028 2295 1115 2354 quam
1143 2278 1292 2353 ingeniose
1321 2273 1419 2349 verba,

276 2379 393 2456 figrrras,
416 2379 566 2455 imagines,
589 2380 819 2458 comparationes
841 2381 977 2458 posuerit.
1023 2378 1082 2438 Sed
1112 2379 1254 2440 nonnulla
1285 2377 1419 2458 exempla
1476 2359 1478 2363 ,

277 2485 381 2544 horum
402 2483 577 2543 scholiorum
599 2502 659 2544 rom
681 2484 783 2544 melius
806 2483 1007 2563 explicabunt,
1037 2492 1071 2542 ut
1097 2483 1184 2542 schol.
1207 2486 1239 2541 in
1261 2505 1287 2542 v.
1310 2483 1418 2542 1249:

277 2590 411 2650 Iasonem
434 2590 554 2668 eiusque
577 2591 697 2650 comites
719 2608 757 2649 ex
779 2589 887 2670 oppido
911 2589 949 2648 ad
971 2609 1075 2650 navem
1098 2588 1279 2668 egredientes
1294 2609 1419 2666 magnus

277 2699 385 2756 civium
407 2713 544 2756 numerus
574 2697 734 2756 comitatur.
779 2695 880 2775 Atque
911 2717 976 2756 cunr
1007 2698 1064 2754 viri
1094 2696 1215 2756 heroum
1245 2693 1356 2755 viribus
1388 2703 1419 2755 et

276 2800 447 2862 fortitudine
476 2800 543 2860 freti
573 2819 622 2860 eos
648 2819 767 2860 aureum
789 2800 882 2860 vellus
905 2800 1060 2881 adepturos
1083 2821 1145 2861 esse
1168 2799 1324 2876 confidant,
1355 2822 1417 2860 nru-

274 2907 360 2966 lieres
382 2905 475 2965 multa
498 2925 564 2964 cum
586 2905 796 2965 lamentatione
818 2903 888 2964 deos
910 2909 1089 2981 invocantes,
1112 2913 1145 2966 ut
1166 2909 1274 2984 integri
1288 2904 1417 2981 redeant,

275 3021 381 3092 rogant
403 3011 613 3090 obsecrantque
636 3009 677 3092 (v.
701 3001 919 3088 Iros-250).
951 3012 1002 3072 Ad
1024 3033 1098 3092 quos
1121 3031 1223 3072 versus
1244 3015 1276 3070 in
1298 3012 1422 3092 scholiis·

275 3118 448 3178 adnotatur:
478 3111 529 3178 καί
550 3117 637 3177 τοῦτο
662 3117 702 3186 ὡς
725 3113 797 3200 πρὸς
820 3115 988 3198 γυναικείαν
1012 3113 1109 3200 φάσιν.
1135 3112 1209 3198 ἀγαν
1235 3115 1417 3199 θαυμαστῶς

274 3219 347 3307 πρὸς
380 3217 431 3292 τάς
466 3219 569 3304 φάσεις
602 3217 653 3282 καί
686 3218 753 3292 τοὺς
787 3221 893 3303 λόγους
926 3220 1106 3306 ἀμφοτέροις
1145 3221 1317 3286 ἀνέπλασεν.
1355 3221 1417 3291 τοῖς

277 3326 329 3412 μὲν
363 3323 420 3410 γάρ
453 3323 593 3410 ἀνδράσιν
628 3321 692 3388 ἐπεὶ
727 3325 897 3410 θρασυτέρα
931 3324 951 3413 ἡ
986 3325 1087 3410 φύσις,
1121 3324 1221 3390 ἀνυσιν
1251 3323 1302 3389 καί
1333 3325 1416 3397 τέλος

274 3439 333 3496 τῶν
358 3430 525 3516 μελλόντων
550 3430 672 3512 εἰσάγει,
697 3431 760 3502 ταῖς
785 3428 817 3492 δέ
838 3430 974 3512 γυναιξίν,
1001 3429 1065 3494 ἐπεὶ
1082 3431 1302 3516 ἀσθενέστεραι,
1324 3429 1418 3516 εὐχάς

274 3535 324 3602 καί
355 3535 465 3607 ἱκεσίας
495 3536 582 3598 ποιεῖ.
616 3539 749 3599 τοιαῦται
772 3537 829 3620 γὰρ
852 3533 900 3600 ἐπὶ
925 3535 1063 3619 μεγάλων
1085 3534 1134 3600 καί
1157 3539 1294 3622 φοβερῶν
1318 3559 1417 3621 πραγ-

274 3643 375 3728 μάτων
400 3643 431 3705 αί
453 3642 597 3724 γυναῖκες.
625 3641 765 3703 Conferas
786 3652 936 3724 praeterea
958 3645 1018 3705 sch.
1042 3645 1132 3705 1468
1157 3644 1193 3704 de
1209 3644 1264 3704 Id‘a
1280 3645 1417 3705 Iasonem

273 3753 461 3830 obiurgante:
496 3743 546 3810 διὰ
576 3745 687 3810 τούτων
722 3745 754 3809 δὲ
787 3742 877 3810 αὐτου
907 3750 926 3832 ἡ
960 3747 1152 3834 ὑπερηφανία
1184 3749 1333 3832 δηλοῦται.
1365 3745 1417 3811 καὶ

266 3848 405 3942 Ὅμηρος
430 3851 581 3939 δὲάσεβῖγ
606 3850 694 3917 αὐτὸν
724 3853 812 3937 λέγει.
847 3853 916 3930 ,καί
940 3855 976 3939 ῥα
1006 3853 1130 3926 ἄνακτος
1159 3853 1287 3918 ἐναντίον
1320 3851 1415 3918 είλετο

271 3965 373 4034 τάξονιι
398 3958 533 4048 <1559>3
564 3962 622 4022 sch.
646 3963 746 4038 1475,
776 3984 841 4022 curn
863 3963 977 4040 Idmon,
1006 3985 1064 4024 non
1086 3967 1150 4044 ipse
1172 3965 1269 4039 Iason,
1296 3943 1438 4043 reapon-¹

272 4071 356 4132 deat:
387 4066 503 4138 οἰκείως
534 4063 566 4128 δὲ
594 4061 643 4130 τὸν
664 4055 854 4149 Ἴδμοναὼς
878 4064 978 4151 μάντιν
1002 4064 1071 4131 ἀντα
1094 4067 1172 4130 ποιεῖ
1193 4064 1416 4150 ἐναντιούμενον

271 4165 399 4263 τῷἼδμ
421 4174 526 4260 ἐχθρῷ
548 4170 607 4235 ὄντι
632 4165 816 4249 Ἀπόλλωνι;
846 4174 905 4234 sch.
929 4175 1029 4251 1485,
1061 4196 1126 4236 curn
1147 4174 1417 4235 Idasacachinnum
1506 4215 1514 4224 -

272 4285 435 4355 sustulerit:
457 4276 507 4342 καί
530 4281 616 4342 τοῦτο
639 4276 824 4362 κουφότητος
848 4279 978 4362 σημεῖον.
1002 4272 1064 4361 εἴγε
1085 4277 1137 4342 καί
1154 4277 1322 4364 Ἰσοκράτης
1339 4277 1417 4362 φησί

274 4389 368 4473 ,μήτε
400 4386 518 4470 γέλωτα
548 4389 680 4469 προπετῆ
713 4382 845 4468 στέργε,“
894 4387 1125 4464 sch01.1700;
1159 4387 1270 4463 1711,
1301 4387 1416 4446 1721:

272 4493 399 4564 ἀστείως
423 4488 455 4554 δὲ
479 4489 521 4554 οὐ,
537 4490 683 4574 πολεμικῇ
704 4491 797 4574 σκευῇ
817 4490 973 4575 χρώμενον
992 4488 1114 4574 εἰσάγει,
1137 4490 1202 4554 ἀλλ’
1219 4489 1325 4574 ἐσθῆτι
1340 4513 1417 4554 κοσ-
