3194 5200
872 387 913 445 72

321 576 350 635 p.
365 556 414 631 74,
425 557 464 616 38
482 555 536 635 (ed.
548 555 670 636 Meae.):
692 553 735 618 δτι
752 553 848 627 δύσεις
865 553 959 619 διτταὶ
974 552 1024 620 καὶ
1039 553 1191 628 evexerat
1215 557 1310 620 Sobel.
1324 560 1371 620 III
1383 565 1463 624 1377

320 661 372 722 ubi
393 661 432 720 ad
451 661 598 742 Apollonii
613 661 717 723 verba:
742 657 802 732 οἶος
826 660 987 746 οὐρανόθεν
1010 663 1128 756 πυρόεις
1150 663 1353 728 ἀποπάλλεται
1370 665 1465 750 ἀστηρ

323 766 463 836 ...τοῖος
497 765 532 850 dp
565 763 688 838 Αἴσονος
724 764 786 838 υἱός
818 766 963 830 ἐπέσσυτο
996 767 1186 850 γηγενέεσσιν
1218 793 1236 832 a
1266 776 1466 852 vituperatore

320 873 392 932 baec
414 873 603 934 adnotantur:
637 871 781 936 ἀπίθανον
815 870 848 936 δέ
873 875 914 957 τῷ
935 870 1060 958 τοιούτῳ
1084 873 1185 958 ἀστέρι
1208 876 1392 961 παραβαλεῖν
1415 869 1464 940 τὸν

320 975 437 1042 Ἰάσονα
460 975 531 1062 πρός
555 977 735 1042 ἐπικίνδυνον
760 976 853 1043 ἆθλον
877 980 1085 1064 πορευόμενον,
1116 988 1159 1066 τῷ
1182 981 1246 1064 ἅμα
1269 989 1311 1066 τῷ
1335 987 1465 1067 φανῆναι

320 1081 435 1155 εὐθέως
468 1083 663 1169 σβεννυμένιρ.
696 1084 721 1175 εἰ
754 1083 787 1147 δέ
819 1109 860 1156 τις
890 1084 972 1168 λέγοι
994 1087 1037 1170 τῷ
1060 1084 1205 1170 Πυρόεντι
1228 1083 1316 1150 αὐτόν
1340 1089 1464 1170 ὡμοιω-

319 1188 402 1253 κέναι
424 1185 492 1274 περὶ
518 1188 551 1252 ού
576 1186 825 1275 Ἐπιγένης.,.ύ
859 1188 892 1253 δὲ
920 1189 1047 1275 Πυρύεις
1080 1191 1252 1276 δυσκίνητος
1264 1193 1296 1270 1).
1340 1195 1465 1256 Dubita-

319 1305 425 1357 verant
456 1301 547 1375 igitur
579 1301 778 1375 grammatici,
816 1319 889 1379 quos
923 1303 1105 1379 vituperator
1139 1303 1284 1380 sequitur,
1323 1299 1360 1360 de
1392 1321 1465 1362 νοτε

319 1400 437 1485 πυρόεις
468 1410 564 1462 utrum
595 1401 772 1463 adieetivum
804 1407 843 1462 sit
874 1425 911 1462 an
942 1425 1047 1465 nomen
1079 1408 1237 1486 proprium,
1268 1408 1286 1464 i.
1311 1425 1335 1466 e.
1358 1427 1464 1466 nomen

319 1507 462 1586 planetae,
491 1510 540 1586 qui
562 1508 667 1567 Martis
689 1507 737 1568 vel
759 1509 896 1570 Herculis
918 1511 1085 1570 vocabatur.
1131 1508 1188 1592 (Of.
1212 1511 1301 1570 schol.
1325 1515 1356 1570 in
1378 1511 1462 1572 Aret.

320 1621 350 1672 et
371 1613 499 1672 Achillis
521 1616 782 1700 isagoglexoerpt.
807 1635 834 1694 p.
859 1610 920 1694 43).
967 1615 1062 1676 Sehot
1086 1617 1135 1675 ΠΙ
1152 1619 1251 1675 1191:
1283 1613 1336 1676 οὐκ
1366 1614 1464 1698 ὀρθῶς

322 1713 354 1778 δὲ
377 1711 492 1800 εἴρηται
515 1713 587 1801 ὑπὲρ
612 1713 715 1800 ἄκριας
739 1712 896 1781 Αἰθιόπων
918 1714 966 1780 τὸν
990 1719 1074 1802 ἥλιον
1099 1717 1193 1782 δύνειν
1207 1767 1213 1780 .
1229 1767 1234 1778 .
1250 1718 1298 1800 .²).

406 1823 558 1884 Interdum
579 1826 668 1882 etiam
688 1823 806 1884 fabulae
829 1824 866 1884 ab
888 1823 1048 1904 Apollonio
1072 1826 1180 1886 allatae
1202 1835 1235 1886 ut
1256 1827 1347 1886 falsae
1368 1845 1464 1906 repre

319 1927 503 2005 henduntur;
538 1928 633 2004 velut,
665 1929 717 1988 ubi
739 1930 806 1988 Iaso
837 1929 974 2005 Medeae,
1006 1939 1039 1990 ut
1068 1951 1099 1990 se
1125 1931 1258 2007 adiuvet,
1290 1931 1464 2012 persuadere

320 2041 440 2094 oonatur
467 2031 613 2094 Ariadnes
644 2035 810 2114 exemplum
839 2055 1012 2116 proponens,
1043 2039 1074 2094 in
1106 2039 1188 2096 ouius
1219 2037 1366 2112 bonorem,
1399 2057 1463 2096 oum

255 2175 258 2182 ι
318 2138 465 2198 Theseum
488 2141 655 2216 servaverit,
684 2161 791 2200 corona
813 2161 830 2200 a
854 2139 899 2200 dis
920 2144 997 2202 inter
1019 2149 1098 2201 astra
1120 2145 1216 2222 posita
1238 2144 1284 2216 sit,
1314 2142 1387 2202 haee
1410 2141 1463 2200 ad·
1515 2183 1517 2187 -

318 2251 472 2303 notantur:
496 2243 537 2304 ῶν
561 2240 715 2327 οὐδέτερον
739 2241 860 2327 ἀληθές.
884 2243 1111 2310 καταλέλειπται
1134 2241 1190 2330 γὰρ
1214 2241 1270 2308 ὑπὸ
1287 2245 1412 2329 Θησέως
1430 2245 1462 2308 ἐν

320 2344 428 2431 Νάξῳ·
463 2347 750 2432 διαπεπαρθένευται
780 2347 813 2410 δέ
846 2346 901 2411 ύπύ
926 2348 1069 2414 Διονύσου
1093 2348 1171 2413 κατά
1193 2373 1338 2422 τινας...
1363 2350 1406 2412 ὅτι
1430 2347 1463 2412 δὲ

319 2451 387 2516 ούτε
411 2449 513 2524 Μίνως
537 2455 745 2539 συνεχώρησεν
768 2452 817 2518 τόν
840 2454 935 2540 γάμον
959 2453 1109 2541 Ἀρίαδνης
1133 2454 1200 2520 οὔτε
1227 2457 1339 2540 ἤγαγεν
1370 2453 1462 2540 αὐτὴν

260 2557 262 2561 ’
320 2559 361 2629 εἰς
383 2555 508 2641 Ἀθήνας
527 2555 642 2642 Θησεύς
658 2551 798 2645 Ὅμηρός
822 2584 897 2644 φησι
922 2561 1019 2646 ῥητῶς
1043 2563 1075 2644 (λ
1089 2565 1216 2644 321)...
1231 2563 1274 2624 ὅτι
1298 2559 1330 2624 δὲ
1355 2562 1369 2623 ό
1393 2560 1462 2626 στέ-

321 2687 413 2748 φανος
438 2661 493 2726 ὑπό
517 2663 660 2741 Διονύσου
687 2667 914 2751 κατεστήρικται
931 2663 1055 2752 Ἄρατός
1079 2691 1230 2752 φησιν...
1255 2670 1375 2748 (Pbaen.
1401 2669 1462 2748 71),

321 2790 394 2851 quae
417 2773 526 2851 optime
550 2771 694 2852 quadrant
717 2793 781 2832 oum
805 2773 924 2832 scholiis
948 2773 1053 2835 adres
1076 2778 1284 2834 astronomicas
1306 2777 1462 2855 spectanti-

318 2876 381 2952 δυσ,
406 2897 480 2957 quae
501 2876 587 2936 modo
611 2877 769 2940 attulimus.
813 2878 948 2939 Eundem
970 2889 1122 2960 praeterea
1143 2884 1371 2960 vituperatorem
1394 2901 1461 2958 eog-

318 3001 439 3042 noseere
460 2981 546 3042 nobis
567 2981 701 3042 videmur
722 2986 753 3042 in
776 2982 866 3044 schol.
891 2985 1031 3046 111233:
1060 2983 1226 3048 πέπλασται
1256 2985 1271 3046 ό
1296 2984 1389 3068 μῦθος
1413 2980 1467 3045 διόιΙ

309 3085 372 3169 ,τὴν
395 3087 446 3178 τοῦ
469 3085 541 3148 θεοῦ
565 3090 623 3149 τῶν
647 3087 746 3151 ποδῶν
770 3087 939 3176 χωλότητα.
974 3088 1007 3152 ού
1041 3088 1139 3174 μέντοι
1170 3090 1319 3162 πιθανῶς·
1353 3100 1382 3152 et
1415 3112 1460 3172 qu.

319 3212 387 3272 seq,
410 3191 499 3252 schol.
524 3191 664 3253 1118592
695 3190 778 3262 ἰδίως
808 3190 841 3254 δέ
864 3193 879 3254 δ
903 3192 1028 3278 ποιητὴς
1051 3193 1238 3279 τερατεύεται
1261 3191 1298 3257 τὰ
1320 3191 1387 3278 ,περὶ
1408 3191 1462 3276 τὴν

320 3294 410 3380 ῥίζαν.
435 3290 503 3380 παρ’
528 3293 626 3359 οὐδενὶ
648 3293 704 3382 γὰρ
727 3303 784 3361 τῶν
810 3297 973 3382 ῥιζοτόμων
998 3296 1121 3384 εἴρηται.

404 3403 546 3464 Videmus
571 3407 663 3482 igitur
692 3409 919 3486 vituperatorem
949 3407 1050 3489 illum,
1077 3429 1150 3488 quae
1181 3429 1240 3468 non
1272 3429 1309 3469 ex
1340 3409 1462 3468 historia

319 3518 404 3590 poeta
433 3513 594 3590 sumpserit,
625 3530 658 3570 eo
688 3512 808 3571 oonsilio
837 3512 1013 3588 observasse,
1044 3524 1084 3588 ut,
1114 3534 1188 3594 quae
1209 3515 1286 3574 male
1307 3515 1375 3574 fieta
1398 3535 1462 3575 esse

319 3619 507 3690 existimaret,
538 3615 766 3696 reprehenderet.
813 3618 895 3692 Quae
919 3619 1177 3695 considerantibus,
1205 3641 1270 3680 eum
1294 3629 1461 3701 comparato

318 3707 427 3782 scholio
444 3724 474 3782 in
489 3743 515 3780 v.
532 3722 653 3797 11040,
675 3722 724 3782 ubi
740 3726 859 3784 nomina
874 3725 1033 3785 Dolionum
1050 3706 1091 3784 ab
1103 3725 1283 3804 Argonautis
1299 3729 1461 3812 occisorum

318 3835 536 3903 enumerantur,
569 3827 667 3888 verbis
699 3823 859 3912 Τηλεκλῆα
891 3825 947 3912 ἠδὲ
981 3826 1193 3919 Μεγαβρόντην
1228 3831 1308 3896 haee
1332 3834 1462 3923 ascripta
1570 3913 1572 3918 Ι

317 3935 494 4006 invenimus:
531 3929 664 3995 πέπλακε
697 3929 734 3995 τὰ
768 3933 898 4018 ὀνόματα
932 3942 1023 3998 ταῦτα
1057 3927 1277 4012 Ἀπολλώνιος,
1314 3933 1367 3997 οὐκ
1401 3932 1461 3998 ἀπὸ

391 4123 417 4192 1)
437 4121 528 4176 Verba
547 4138 600 4176 non
620 4123 729 4192 integra
747 4140 809 4180 esse
828 4124 962 4180 videntur.

389 4215 417 4282 2)
436 4213 477 4267 De
502 4211 584 4268 rebus
610 4213 775 4269 caelestibus
800 4223 946 4284 praeterea
966 4216 1058 4284 agitur
1075 4215 1103 4268 in
1123 4216 1179 4271 soh.
1200 4217 1308 4272 111098
1328 4215 1374 4286 (do
1395 4219 1463 4272 Aro-

317 4301 372 4355 turi
392 4307 455 4355 ortu
474 4301 574 4355 imbres
598 4300 775 4373 adducente);
801 4304 857 4359 soh.
878 4305 970 4360 11498
989 4321 1014 4373 p.
1029 4306 1115 4373 mee
1127 4321 1162 4361 ss.
1183 4303 1228 4372 (de
1248 4306 1340 4361 etesiis
1359 4307 1463 4376 ventis)

318 4390 373 4444 sch.
402 4389 440 4442 ΙΙΙ
455 4392 537 4456 1029,
565 4389 613 4444 sed
642 4391 852 4460 vituperationis
881 4394 997 4462 vestigia
1025 4411 1096 4449 nuno
1125 4393 1233 4464 quidem
1259 4393 1312 4449 non
1342 4403 1463 4463 exstant,

318 4495 371 4548 que
390 4479 535 4548 deeausa,
554 4496 616 4539 uum
636 4479 671 4538 ab
691 4480 787 4541 eodem
805 4490 919 4540 auetors
938 4483 1080 4561 adscripta
1100 4485 1163 4553 sint,
1182 4483 1306 4540 dubitari
1323 4491 1424 4552 potest.
