3194 5200
677 457 718 522 4³

106 624 173 699 adv
206 625 269 700 ἀντί
299 633 350 698 τοῦ
380 629 517 717 ἐξῆλθον.
564 621 637 694 ὁδί
659 626 746 714 λόγος
770 626 881 702 odrae·
915 623 1083 716 ἔμπροσθεν
1117 624 1151 692 ἐκ
1173 627 1272 692 κακῶν

113 742 242 806 οἰωνῶν
266 739 405 825 ἐγνωκὼς
429 735 477 802 τὸν
502 737 632 822 ἐμαυτοῦ
658 737 757 822 μόρον,
781 738 906 822 ἐξῆλθον
931 737 964 799 ἐκ
983 743 1035 820 τῆς
1051 738 1201 821 πατρίδος,
1225 731 1273 798 ἵνα

110 848 191 932 ὑμῖν
214 845 404 932 συμπλεύσας
426 843 513 915 κλέος
536 843 756 926 ἀπενέγκωμαι.
792 855 821 906 et
843 846 931 906 schol.
954 849 985 904 in
1008 867 1035 904 v.
1061 846 1107 904 [II
1125 849 1199 904 601:
1229 842 1271 927 τῷ

113 953 175 1018 καί
201 952 412 1038 ἐελδομένους·
446 947 645 1035 παρατατικὸν
668 944 791 1034 εἴληφεν
814 947 878 1012 ἀντί
902 951 1086 1028 σοντελικοᾶ,
1119 948 1169 1012 καί
1197 948 1274 1012 ἐστιν

113 1059 289 1147 ὑπέρβατος
312 1061 331 1143 ἡ
357 1056 474 1143 φράσις,
498 1054 549 1120 καί
571 1055 666 1118 λείπει
689 1053 721 1119 τὸ
746 1059 796 1128 ὡς.
832 1053 864 1118 τὸ
888 1053 943 1141 γὰρ
967 1057 1034 1140 ἑξῆς
1058 1057 1128 1134 ἐστι,
1154 1053 1199 1118 διὸ
1223 1052 1273 1118 κοί

116 1168 343 1251 ἐπιθυμοῦντας
368 1160 482 1248 μακρὰν
505 1164 631 1226 πλεῦσαι
654 1161 896 1247 (προσεκδεκτέον
911 1160 962 1226 καί
977 1167 1077 1243 τοῦτο)
1100 1165 1141 1234 ὡς
1164 1159 1273 1245 πατρὸς

115 1275 229 1358 ἐντολῇ
252 1272 392 1356 πέπομφε
417 1267 572 1354 φράσαντα
596 1267 697 1331 αὐτοῦ.
743 1272 900 1332 Formulae
922 1272 969 1330 vel
993 1270 1144 1354 σχήματα,
1167 1271 1274 1352 quibus

115 1383 196 1442 haec
219 1378 387 1461 explicandi
409 1381 485 1438 ratio
508 1381 634 1438 maxime
656 1380 756 1450 utitur,
779 1385 894 1457 praeter
914 1378 971 1436 alia
987 1378 1060 1438 haec
1075 1385 1157 1438 sunt:
1180 1373 1275 1439 λείπει

117 1483 162 1550 τὸἸ
183 1535 189 1548 .
208 1533 215 1548 .
232 1533 258 1563 .,
291 1480 419 1547 ἐλλείπει
443 1481 484 1552 είς
507 1478 556 1544 τὸν
579 1481 677 1565 πλήρη
703 1480 790 1564 λόγον
815 1530 890 1562 ...,
919 1481 1123 1566 προσληπτέον
1147 1478 1179 1543 τὸ
1205 1529 1273 1561 ...,

118 1589 281 1660 πλεονάζει
297 1586 330 1652 τὸ
355 1637 362 1650 .
382 1638 389 1650 .
407 1637 424 1666 .,
450 1586 611 1671 περιττεύει
627 1585 660 1649 τὸ
678 1635 683 1648 .
703 1637 709 1649 .
729 1635 735 1650 ,
753 1598 782 1650 ct
797 1590 864 1648 alia.
896 1590 1070 1669 Saepissime
1085 1593 1163 1650 euim
1178 1610 1274 1668 gram-

122 1701 229 1760 matici
248 1696 465 1757 Alexandrinae
480 1697 585 1754 aetatis
599 1694 723 1775 [quippe
741 1697 793 1773 qui
809 1695 984 1770 historicam,
1008 1717 1066 1775 qua
1081 1715 1135 1754 nos
1157 1697 1274 1768 utimur,

122 1803 294 1885 explicandi
317 1806 459 1862 rationem
482 1800 613 1862 nondum
635 1801 854 1881 cognovissent]
875 1804 906 1861 in
929 1822 963 1861 eo
986 1802 1219 1882 acquiescebant,
1242 1809 1275 1860 ut

124 1932 199 1972 vera
210 1911 407 1990 explicatione
419 1911 535 1968 omnino
545 1910 650 1966 omissa
660 1916 772 1968 tanturn
782 1907 998 1983 contenderent,
1008 1930 1062 1989 pro
1073 1909 1165 1970 altera
1173 1907 1274 1981 forma,

123 2037 202 2098 quae
225 2019 338 2076 ratione
360 2016 551 2093 grammatica
572 2013 776 2092 postularetur,
802 2015 923 2074 alteram
945 2019 1069 2094 positam
1091 2035 1162 2089 esse,
1194 2015 1275 2074 ouius

121 2125 247 2204 rationis
278 2124 367 2181 etiam
395 2123 427 2179 in
459 2118 578 2179 scholiis
601 2119 809 2198 Apollonianis
837 2121 981 2199 permulta
1004 2121 1139 2201 exempla
1160 2123 1274 2179 inveni-

121 2235 221 2286 untur.
267 2226 447 2304 Scriptorum
462 2227 638 2298 testimonia,
662 2225 769 2304 quibus
784 2229 941 2305 praecipue
956 2227 1129 2286 scholiorum
1144 2234 1275 2284 vetustas

122 2335 233 2398 certius
255 2330 369 2391 definiri
392 2338 501 2409 potest,
534 2332 565 2389 in
594 2330 651 2390 hoc
682 2349 789 2408 genere
817 2331 992 2392 scholiorum
1015 2341 1132 2412 praeter
1152 2332 1276 2392 Homeri

123 2459 185 2498 non
208 2437 376 2498 afferuntur.
421 2437 536 2495 Tamen
558 2455 595 2494 ne
618 2438 704 2495 nimis
726 2445 833 2496 temere
856 2440 943 2496 etiam
965 2438 1037 2496 haec
1060 2439 1155 2498 omnia
1179 2457 1275 2514 gram-

122 2545 232 2604 matico
255 2543 424 2622 posterioris
446 2543 551 2601 aetatis
574 2541 781 2616 attribuamus,
813 2563 911 2603 rursus
941 2565 1035 2603 novus
1058 2544 1109 2604 ille
1131 2561 1276 2604 commen·

123 2651 219 2709 tarius
241 2651 272 2708 in
294 2645 399 2706 Iliadis
423 2645 450 2706 Φ
475 2654 588 2720 monet,
618 2646 669 2705 uhi
698 2646 820 2706 eandem
842 2648 1010 2728 explicandi
1033 2652 1174 2708 rationem
1196 2651 1277 2706 inve-

122 2759 222 2816 nimus
250 2763 284 2814 ut
306 2751 344 2812 ad
366 2775 395 2815 v.
424 2756 482 2811 146
516 2752 583 2830 (col.
608 2752 664 2832 VI)
695 2748 760 2812 ἐπεὶ
790 2753 943 2836 κεχόλωτο
977 2755 1196 2834 δαϊκταμένωνε
1232 2751 1276 2813 ὅτι

122 2857 255 2922 ἐλλείπει
284 2860 303 2942 ἡ
337 2855 419 2941 περί;
453 2858 501 2918 vel
532 2857 570 2918 ad
601 2881 629 2916 v.
655 2862 715 2918 203
746 2859 813 2940 (ool.
836 2861 896 2939 IX)
998 2855 1048 2921 καί
1082 2857 1211 2920 ἐλλείπει
1243 2854 1276 2918 τὸ

123 2963 226 3041 ἄλλοι,
259 2960 295 3027 ἵν’
326 2953 345 3047 ᾖ
377 2959 426 3026 καί
460 2963 488 3025 οἱ
521 2960 606 3025 ἄλλοι
637 2962 755 3047 ipssa,
790 2963 902 3047 ὁμοίως
930 2965 971 3047 τῷ
997 2969 1058 3052 „up
1084 2963 1135 3049 μέν
1158 2967 1182 3026 τ’
1199 2958 1277 3025 ὀὐδὲ

122 3067 241 3155 ποτητὰ
262 3067 445 3154 παρέρχεται
466 3064 536 3130 οὐδὲ
559 3067 674 3130 πέλειαι
702 3070 869 3153 τρηρωνες“
903 3077 937 3154 (p
962 3074 1022 3152 62).
1072 3070 1152 3146 Quin
1181 3075 1277 3150 ipsum

124 3182 215 3239 etiam
231 3177 434 3236 Aristarchum
449 3175 495 3236 his
514 3174 649 3258 σχήμασι
671 3179 702 3234 in
726 3176 899 3255 explicando
922 3198 1007 3237 usum
1030 3197 1093 3238 esse
1115 3180 1186 3236 satis
1209 3197 1277 3235 con-

124 3292 185 3344 stat
216 3283 262 3363 (cf.
286 3281 494 3356 Friedl'a‘nder,
528 3281 690 3342 Aristonici
713 3278 780 3364 περὶ
803 3280 937 3365 σημείων
956 3279 1087 3353 Ἰλιάδος
1110 3283 1171 3368 rell.
1196 3281 1276 3344 Gott.

127 3390 211 3450 1853
245 3409 273 3468 p.
300 3386 424 3465 1-35).
477 3385 608 3466 Ideoque
641 3387 749 3446 similia
780 3391 839 3447 iarn
872 3392 904 3448 in
938 3391 1068 3469 antiquis
1101 3388 1280 3448 scholiorum·

128 3493 272 3573 exemplis
294 3491 382 3552 tuisse
397 3491 620 3550 iudicabimus:
652 3490 683 3550 id
713 3500 825 3552 tantum
849 3491 968 3552 dubium
991 3513 1054 3554 esse
1076 3493 1207 3567 videtur,
1239 3513 1278 3552 an

125 3601 240 3680 antiqui
262 3601 434 3676 interpretes
457 3597 513 3656 hac
535 3596 702 3676 explicandi
726 3600 839 3660 ratione
861 3607 922 3659 tam
944 3619 1043 3679 saepe,
1068 3621 1153 3680 quam
1175 3607 1276 3678 postea

126 3705 238 3764 factum
254 3710 307 3777 est,
330 3704 375 3761 usi
391 3704 457 3760 sint.
503 3702 582 3760 Fieri
601 3723 670 3762 sane
684 3712 808 3783 poterat,
831 3713 863 3764 ut
878 3705 950 3764 talia
964 3705 1082 3778 scholia,
1105 3726 1158 3784 pro
1174 3705 1277 3763 harum

30 3829 35 3838 ·
128 3811 367 3872 observationum
390 3807 514 3883 vilitate,
537 3830 555 3866 a
575 3809 740 3886 magistellc
765 3811 894 3890 quolibet
918 3811 1100 3874 adderentur.

215 3913 275 3974 Sed
305 3920 421 3993 praeter
452 3912 528 3972 hanc
560 3916 780 3990 grammaticam
811 3920 1079 3997 interpretationem
1104 3937 1168 3976 oum
1190 3937 1277 3996 para-

124 4020 226 4102 phrasi
247 4039 335 4100 eaepe
354 4021 473 4080 tertium
489 4017 635 4098 quoddam
650 4039 742 4097 genus
758 4020 941 4098 scholiorum,
964 4002 1189 4103 explicationem
1211 4022 1277 4082 dico

125 4125 307 4204 singulorum
328 4124 499 4198 verborum,
530 4126 717 4184 coniunctum
740 4125 889 4203 videmus,
921 4136 1009 4207 atque
1040 4131 1083 4187 ita
1105 4125 1224 4208 qnidam
1246 4136 1279 4187 nt

125 4230 308 4309 singulorum
335 4229 509 4290 scholiorum
534 4232 753 4309 antiquissimus
777 4231 848 4292 ordo
871 4234 919 4292 hia
943 4233 1033 4293 fuisse
1062 4233 1212 4307 videatur,
1244 4240 1278 4292 ut

124 4339 220 4418 primo
235 4334 387 4410 vocabula,
409 4333 516 4394 deinde
535 4339 727 4412 grammatica
742 4340 817 4423 ratio
838 4339 994 4418 explicata,
1017 4347 1163 4419 postremo
1179 4341 1278 4398 omnia

124 4444 199 4503 haec
228 4441 400 4522 paraphrasi
432 4441 639 4520 comprehensa
669 4443 735 4500 sint.
790 4442 929 4502 Conferaa
952 4465 975 4503 e.
1000 4467 1026 4522 g.
1050 4444 1137 4504 schol.
1168 4445 1279 4504 Iflsshi

129 4545 283 4633 priscella:
307 4540 371 4608 ἀντί
390 4543 548 4631 βιώσεσθε,
572 4544 587 4606 ὁ
611 4541 643 4606 δὲ
665 4547 743 4625 νοῦς,
769 4546 800 4607 ai
824 4543 857 4608 δὲ
878 4548 1020 4634 νεώτεραι
1043 4559 1105 4620 πῶς
1129 4547 1279 4635 βιώσεσθε
