3194 5200
827 379 865 438 56

271 554 403 615 conferas
425 555 480 616 lex.
504 555 569 633 Seg.
585 554 765 630 vacuam
788 553 922 614 Euststh.
946 555 978 614 in
1000 555 1087 618 Hom.
1114 557 1257 633 1404,55
1279 570 1317 617 ex
1333 554 1421 617 Aelio

272 661 420 741 Dionysio
444 661 485 741 (p.
511 665 570 722 127
595 660 710 741 Schts).

239 779 244 789 '
359 768 424 828 sch.
450 769 557 828 11569
592 765 741 851 (βορβεῖν)
775 768 810 826 cf.
843 767 899 828 lex.
932 769 997 845 Ssg.
1020 769 1172 843 111107,
1205 771 1251 828 cni
1274 770 1423 828 simillima

273 882 349 947 suut,
367 893 448 952 ¹quae
471 874 560 953 paulo
583 872 699 954 planius
721 877 753 933 in
775 883 863 954 etym.
886 894 953 951 gen.
977 895 997 932 s.
1021 895 1048 932 v.
1066 869 1236 958 Βορβυλιύς
1260 873 1310 954 (cf.
1334 885 1421 956 etym.

272 1000 308 1036 m.
335 979 478 1058 204354),
509 1000 525 1038 o
557 979 653 1039 lexico
676 979 777 1038 Photii
806 975 913 1058 (οὕτως
943 974 1028 1062 εὖρον
1061 975 1102 1048 εἰς
1125 975 1159 1040 τὸ
1183 977 1349 1063 ρητορικύν)
1372 1001 1423 1040 ex-

274 1087 383 1163 scripta
405 1091 474 1143 sunt
483 1080 513 1162 ¹).

361 1190 427 1250 sch.
452 1190 545 1248 1881
571 1186 704 1272 (λείρια),
736 1190 770 1248 cf.
803 1190 891 1250 Phot.
923 1187 1014 1271 λύριον
1048 1193 1153 1260 κοινῶς
1184 1187 1219 1250 τὸ
1250 1187 1340 1260 ἄνθος
1372 1187 1426 1251 καὶ

275 1293 357 1364 ἰδίως
389 1291 438 1356 τὸν
469 1291 625 1376 νάρκισσον
655 1291 791 1374 λέγουσιν
815 1288 960 1368 Ἀττικοί,
992 1314 1058 1353 cum
1089 1295 1149 1353 alia
1180 1295 1310 1356 eiusdem
1341 1296 1425 1356 verbi

275 1400 431 1479 explicatio
456 1398 589 1459 tradatur
611 1399 689 1479 apud
711 1398 811 1478 Apoll.
836 1399 865 1460 S.
890 1401 1028 1474 10⁷,24;
1057 1407 1145 1478 etym.
1169 1420 1207 1461 m.
1234 1402 1356 1474 6523ss
1381 1427 1424 1452 =

276 1505 370 1564 Oram.
405 1504 517 1564 Anecd.
552 1504 609 1566 Ox.
645 1506 831 1580 1259,11;
868 1505 1004 1564 Eustath.
1043 1507 1075 1563 in
1108 1505 1196 1564 Hom.
1233 1507 1357 1580 395,11
1396 1515 1428 1566 et

278 1614 427 1688 resana.

363 1718 429 1778 Sch.
454 1719 567 1778 11075
592 1713 729 1778 πελανοίι
757 1717 791 1775 cf.
816 1716 874 1778 lex.
899 1715 1019 1776 Bachm.
1045 1719 1166 1792 333‚25
1192 1744 1232 1770 =
1256 1718 1350 1792 Phot,
1374 1721 1428 1798 qui

277 1824 410 1904 pleniora
441 1822 570 1902 praebet,
593 1849 634 1875 =
659 1821 740 1881 Suid.
768 1825 837 1895 170,
850 1826 876 1880 8.
923 1821 1035 1880 Auctor
1065 1822 1153 1880 lexici
1175 1823 1294 1882 Bachm.
1326 1844 1378 1882 sua
1411 1843 1430 1883 e

276 1930 372 1988 lexico
409 1930 564 1989 Platonico
598 1931 757 2008 sumpsisse
790 1927 906 1987 videtur
915 1923 947 2006 ²).
992 1927 1143 1987 Theocriti
1177 1929 1259 1988 locus
1290 1933 1322 1988 in
1355 1929 1430 1988 solis

277 2034 394 2092 scholiis
417 2034 622 2113 Apollonianis
650 2034 778 2093 affertur.
824 2032 897 2092 Cum
930 2032 1018 2091 schol.
1041 2032 1132 2112 Apln.
1164 2055 1224 2093 nou
1254 2034 1428 2094 cohaerent:

276 2141 334 2198 sch.
366 2141 434 2199 Eur.
453 2143 498 2211 ,in
530 2139 626 2200 Orest.
653 2142 715 2199 220
749 2139 795 2218 (cf.
828 2140 887 2198 sch.
919 2142 950 2198 in
980 2139 1068 2198 Rhes.
1099 2140 1174 2220 430)
1197 2166 1238 2192 =
1266 2149 1352 2220 etym.
1386 2161 1429 2199 m.

278 2248 400 2321 659,20
435 2247 464 2327 (e
498 2246 588 2306 schol.
623 2246 705 2325 Eur.)
729 2271 769 2298 =
793 2246 953 2325 Harpocr.‚
987 2247 1038 2324 qui
1072 2244 1281 2325 Didymum
1315 2244 1431 2323 laudat,

278 2380 319 2405 =
343 2352 423 2414 Suid.
447 2351 606 2414 secundum
627 2353 770 2431 Harpocr.

364 2456 430 2516 Sch.
453 2457 560 2516 11843
586 2453 702 2539 φάλαγξ
727 2451 760 2516 δὲ
792 2451 825 2518 τύ
860 2453 1003 2538 ἐπίμηκες
1033 2451 1083 2516 καὶ
1116 2453 1294 2538 στρογγύλον
1328 2455 1430 2525 ξύλον.

278 2561 323 2622 cf.
342 2561 429 2624 Phot.
453 2583 475 2620 s.
499 2584 527 2622 v.
553 2556 689 2645 φάλαγξ.
706 2609 711 2621 .
727 2609 733 2622 .
747 2557 818 2622 ἔνιοι
841 2557 890 2623 καὶ
915 2557 948 2622 τύ
973 2559 1151 2645 στρογγύλον
1175 2558 1268 2639 ξύλον,
1292 2565 1342 2643 qni
1366 2563 1429 2622 for-

277 2676 355 2726 tasse
372 2667 457 2727 Aelio
473 2667 619 2747 Dionysio
633 2687 703 2726 susus
719 2675 763 2727 est
779 2667 828 2746 (ci.
844 2667 978 2727 Eustath.
1000 2669 1113 2743 924,9;
1138 2666 1232 2726 Sohw.
1248 2689 1275 2748 p.
1290 2669 1430 2748 ²14⁸‘ll-

281 2771 340 2832 Sed
363 2775 451 2832 etiam
474 2770 553 2851 apud
576 2771 757 2852 Hesychium
781 2773 888 2832 similia
910 2776 1116 2834 inveniuntur:
1142 2767 1295 2855 φαλάγγια
1319 2793 1431 2854 στρογ-

278 2873 356 2958 γύλα
379 2873 450 2944 ξύλα
472 2872 523 2937 καὶ
547 2872 710 2959 σύμμετροι.
744 2871 872 2937 Ἀττικοὶ
896 2873 928 2937 δὲ
951 2875 1089 2960 κόρακας.

366 2982 412 3040 Ae
443 2991 603 3062 postremo,
637 2986 688 3062 qui
719 2985 750 3041 iu
782 2983 872 3042 schol.
905 2984 1021 3043 11265
1056 2982 1094 3043 de
1128 2982 1290 3044 differentia
1321 3002 1433 3069 vocum

280 3083 393 3170 οἶστρος
417 3096 446 3148 et
470 3085 558 3170 ρύωψ
582 3088 744 3148 Sostratum
773 3098 876 3149 testem
905 3090 1004 3149 attulit
1034 3089 1081 3169 (cf.
1104 3088 1164 3151 sch.
1188 3089 1238 3147 Ill
1252 3085 1334 3164 276),
1355 3107 1431 3147 enn-

279 3193 345 3252 dem
375 3196 463 3252 etiam
492 3193 595 3253 scholii
628 3196 659 3252 in
686 3215 713 3253 v.
737 3195 825 3256 1189
861 3195 898 3256 dc
929 3198 1020 3254 tauris
1050 3193 1249 3276 pugnantibus
1280 3201 1431 3253 auctorem

280 3319 352 3372 esse,
374 3299 425 3359 ubi
439 3299 599 3380 Antipatri,
622 3303 728 3362 medici
747 3300 877 3362 eiusdem
891 3301 1014 3362 fortasse
1028 3303 1165 3381 temporis
1175 3296 1210 3383 ⁸),
1231 3301 1432 3360 testimoninm

280 3402 442 3485 affertur⁴)‚
465 3405 590 3466 credam.

355 3657 382 3728 1)
402 3657 517 3712 Photins
536 3657 622 3726 igitur
639 3655 691 3712 lex.
705 3656 766 3726 Seg.
779 3657 804 3711 V
817 3655 936 3726 glossam
949 3657 1107 3727 exscripsit.
1133 3656 1172 3712 Cf.
1187 3657 1321 3726 Wantzel‚
1341 3659 1429 3714 Beitr.

280 3747 422 3804 altason
449 3745 474 3801 d.
501 3747 603 3816 gricch.
630 3746 853 3818 Lexikographis
879 3748 907 3802 in
934 3747 1120 3817 Sitzungsbsr.
1146 3746 1431 3805 d.Bsr1.sk.1895

280 3837 332 3893 vol.
349 3839 362 3892 1
380 3854 406 3907 p.
425 3840 485 3892 484.

352 3928 381 3998 2)
401 3927 442 3983 Cf.
461 3927 567 3984 Timaei
586 3929 660 3990 λέξεις
680 3927 845 3988 Πλατωνικός
864 3944 891 3998 p.
912 3931 960 3981 lll
981 3927 1023 3984 ed.
1044 3927 1158 3983 Becker.

352 4019 380 4088 3)
399 4014 441 4072 Oi.
460 4016 662 4073 Wsllmannum
684 4019 712 4073 in
738 4016 951 4089 ancylopasdias
976 4031 994 4073 a
1018 4017 1201 4088 Pauly-Wiss.
1227 4017 1319 4074 editas
1343 4018 1433 4074 soll

280 4124 307 4177 p.
327 4109 406 4163 2517.

354 4200 382 4267 4)
403 4196 519 4266 Opiuari
531 4213 586 4252 uon
599 4198 658 4253 sins
672 4197 781 4254 rationo
794 4196 917 4253 videmur
929 4196 1002 4251 hunc
1014 4195 1103 4252 locum
1116 4196 1282 4254 scholiorum
1295 4198 1349 4252 ism
1361 4197 1435 4254 Ver·

283 4288 379 4358 gilium
398 4295 462 4344 ants
481 4287 575 4344 oculos
594 4288 732 4357 habuisse,
752 4289 806 4357 qui,
831 4294 861 4343 ut
880 4288 935 4342 ism
956 4287 1076 4358 lloynius
1094 4288 1218 4358 adnotat,
1239 4289 1267 4343 in
1286 4287 1385 4356 (ἴσοις.
1407 4308 1434 4348 v.

283 4380 387 4435 111219
408 4381 549 4450 „pascitur
567 4381 596 4434 in
614 4394 713 4449 magua
732 4379 789 4435 Sila
808 4378 929 4434 formosa
953 4377 1083 4434 iuvenca“
1111 4385 1140 4436 st
1164 4385 1215 4436 cst.
1235 4378 1271 4434 ad
1289 4377 1436 4449 Apollonii

283 4487 306 4525 ν.
326 4470 410 4526 11189
432 4471 508 4544 „thim
529 4469 615 4543 ταύρω
635 4469 762 4544 φορβάδος
779 4471 845 4544 ἀμφὶ
864 4467 923 4542 βοάς
942 4468 1081 4542 κεκοτηότε
1105 4466 1274 4543 δηριάασθον*
1303 4474 1437 4540 spectaro
1464 4459 1472 4468 “
