3194 5200
839 401 890 460 ’24

293 599 387 662 χοντα
403 573 512 658 ταύτην
523 560 559 638 ἶ·
585 573 699 659 Πήλιον
724 571 859 664 (ἐπήλιον
874 573 981 654 codd),
997 567 1111 658 Ὄσση,
1122 561 1255 668 Ὄθρυς,
1273 562 1442 658 Ὄλυμπος,

297 689 406 762 Πίνδος
429 659 497 769 (uti
515 689 561 769 Α),
583 697 645 754 sine
668 692 757 753 dubio
786 714 802 754 ο
824 694 942 754 scholiis
964 691 1071 773 Apoln.
1097 693 1269 774 deprompta
1291 702 1366 770 sunt,
1389 697 1442 754 etsi

295 820 374 860 nunc
405 800 465 858 alia
497 803 538 862 in,
563 798 715 858 codicibus
749 799 787 858 ad
817 821 845 860 v.
868 801 959 860 1598
992 799 1153 860 traduntur.
1199 799 1370 860 Notandum
1400 809 1444 860 est

297 905 446 964 Millerum
475 909 516 985 (p.
541 904 618 984 299)
650 905 704 964 sub
736 905 823 964 tinem
855 883 958 966 scholii
990 903 1162 984 compendio
1193 909 1354 987 scripturae
1385 926 1443 965 non

295 1019 375 1071 recte
397 1011 494 1071 soluto
519 1031 571 1089 pro
596 1006 721 1080 Πίνδοςε
747 1007 895 1094 Πίνδαρος
917 1011 1025 1070 habere
1048 1007 1097 1092 (cf.
1121 1011 1179 1071 sch.
1201 1013 1251 1072 Ill
1273 1009 1379 1091 1085).

382 1117 482 1196 Etym.
496 1137 532 1176 m.
544 1138 572 1196 p.
587 1119 659 1190 368,
673 1113 747 1190 40¹)
762 1113 940 1200 ἐπωμαδόνι
962 1111 1025 1178 ἀντί
1040 1117 1091 1178 τοῦ
1104 1112 1151 1178 ἐπί
1170 1119 1230 1180 τῶν
1250 1116 1341 1202 ὤμων
1362 1117 1444 1197 (affe-

296 1231 401 1282 runtur
412 1221 519 1282 deinde
531 1221 631 1300 Apoll.
645 1243 692 1280 vv.
706 1223 722 1280 Ι
736 1222 906 1302 738-41).
924 1221 1086 1283 διπλασίων
1098 1220 1260 1308 ήκολούθει
1272 1229 1309 1304 τή
1320 1219 1444 1306 Ἀμφίο-

296 1348 344 1396 νος
355 1323 468 1409 κιθάρα
483 1323 641 1408 κρουούσή,
660 1319 759 1388 εἵπετο
771 1321 822 1388 καί
834 1323 933 1410 ἀπήει,
951 1331 1004 1409 τῆς
1018 1325 1242 1412 βασταζομένής
1255 1324 1310 1388 ὑπὸ
1325 1325 1444 1410 Ζήθου·

299 1427 400 1514 Ζῆθος
423 1427 479 1516 γὰρ
502 1427 552 1493 καὶ
574 1422 715 1514 Ἀμφίων
738 1429 887 1517 ἐτείχισαν
911 1429 963 1502 τὰς
979 1430 1100 1518 Θήβας·
1123 1425 1328 1504 Ἀπολλώνιος
1344 1429 1444 1518 Ἀρχο-

300 1537 455 1608 ναυτικοῖς.
494 1538 683 1618 etymologici
712 1543 803 1617 igitur
832 1548 933 1600 auctor
956 1541 1105 1600 meliorem
1131 1562 1217 1621 quem
1238 1563 1292 1600 nos
1314 1540 1444 1601 ordinem

298 1645 402 1705 scholii
426 1652 494 1705 unte
517 1644 616 1703 oculos
637 1643 748 1720 hebuit,
780 1647 822 1704 ita
849 1645 967 1726 quidem
989 1654 1022 1705 ut
1044 1649 1200 1706 coniuncte
1222 1647 1340 1724 legeret,
1371 1666 1445 1726 quae

296 1772 375 1810 nunc
412 1754 443 1810 in
483 1749 602 1810 scholiis
637 1749 683 1808 bis
718 1759 855 1830 excerpta
892 1750 1038 1811 disiuncta
1075 1751 1208 1813 videmus
1246 1752 1315 1832 (sch.
1348 1753 1443 1812 1740

298 1863 328 1916 et
351 1854 436 1933 741).

387 1959 437 2019 Ad
459 1981 487 2020 v.
510 1960 603 2022 1743
627 1959 769 2020 scholium
791 1961 879 2039 plane
907 1981 1015 2020 novum
1046 1979 1084 2020 ex
1115 1969 1204 2040 etym.
1237 1981 1301 2039 geu.
1330 1961 1443 2042 prodit:

297 2063 441 2150 ὀχμάίωι
464 2059 496 2124 τὸ
521 2061 639 2148 κατέχω
655 2112 661 2125 .
677 2113 683 2125 .
697 2111 703 2125 .
718 2065 923 2146 (veriloquium
940 2065 1019 2146 quod
1036 2069 1167 2146 sequitur
1186 2066 1306 2127 aliunde
1321 2070 1445 2148 petitum

297 2173 353 2250 est)
387 2166 447 2232 οἷον
476 2163 586 2253 Ἄρεος
619 2167 798 2254 ὀχμάζουσα
832 2168 1025 2255 (έχμάζουσα
1058 2168 1288 2256 Β)...φαίνετ’
1325 2170 1445 2235 ίδέσίλαι

298 2280 337 2358 (v.
359 2275 562 2359 1743-46).
585 2271 618 2338 τὸ
641 2273 767 2338 παλαιὸν
792 2275 820 2337 οἱ
835 2280 960 2360 χιτῶνες
982 2273 1015 2338 τὸ
1040 2275 1128 2362 μέρος
1150 2274 1183 2339 τὸ
1206 2273 1278 2361 πρὸς
1301 2273 1350 2340 τὸν
1372 2275 1444 2361 τροί-

296 2383 391 2466 χηλον
420 2377 472 2442 καὶ
501 2375 550 2442 τὸν
584 2380 666 2464 ὦμον
695 2378 888 2465 ήνεωχμένήν
920 2376 1011 2465 εἶχον,
1042 2384 1083 2452 ὼς
1112 2379 1146 2445 τὸ
1176 2379 1248 2466 πρὸς
1277 2385 1337 2452 τοῖς
1367 2380 1445 2460 ποσί,

299 2485 419 2572 φίβλαις
443 2481 477 2548 δὲ
499 2485 622 2556 πυκναῖς
653 2485 759 2549 συνιίν.
798 2489 884 2549 τοῦτο
914 2485 995 2570 λέγει
1025 2485 1074 2550 οὖν
1106 2488 1151 2550 ὅτι
1181 2486 1356 2572 ἐπηρμένων
1386 2492 1444 2552 τῶν

299 2603 488 2677 συνεχουσων
510 2588 544 2654 τὸ
567 2589 720 2676 ἀριστερὸν
748 2591 836 2677 μέρος
866 2596 918 2656 τοῦ
949 2598 1076 2678 χιτῶνος
1109 2591 1159 2657 καὶ
1191 2598 1250 2657 τῶν
1282 2593 1444 2680 ἀριστερῶν

299 2699 393 2783 ὤμοις
415 2700 495 2778 (fort.
519 2694 569 2760 καὶ
600 2701 659 2760 τῶν
694 2697 724 2761 ἐν
759 2698 904 2783 ἀριστερῷ
940 2699 1027 2784 ὤμῳ)
1061 2700 1174 2785 φιβλῶν
1210 2698 1394 2784 ἐκεχάλαστο
1428 2701 1443 2762 ὁ

297 2804 389 2890 χιτὼν
420 2803 478 2876 ἕως
510 2807 562 2866 τοῦ
595 2806 691 2888 μαζοῦ
722 2789 889 2866 κάτωτοῦ
921 2807 1035 2882 σκαιοῦ,
1066 2807 1107 2876 ὡς
1140 2803 1302 2889 φαίνεσθαι
1332 2810 1442 2870 τοῦτον.

298 2915 430 2972 Primum
451 2915 544 2990 igitur
565 2915 597 2970 in
619 2911 718 2972 verbis
739 2920 844 2992 poetae
867 2911 904 2972 ab
928 2912 1094 2991 etymologo
1117 2912 1215 2973 allatis
1237 2933 1337 2974 veram
1355 2917 1444 2994 scrip-

297 3027 394 3078 turam
416 3011 510 3099 παρὲκ
532 3015 639 3099 μαζοῖο
661 3038 713 3096 pro
736 3035 771 3076 eu
794 3037 868 3097 quae
890 3019 922 3075 iu
944 3015 1027 3076 codd.
1051 3025 1095 3076 est
1118 3012 1190 3102 ὑπὲρ
1215 3018 1322 3100 μαζοῖο
1343 3018 1443 3098 depre-

298 3121 468 3186 hendimus:
499 3123 599 3182 laxato
632 3126 664 3182 in
693 3123 779 3182 laevo
810 3143 909 3183 umero
932 3123 1055 3182 Veneris
1078 3127 1194 3184 tunicae
1216 3145 1330 3185 conexu
1352 3145 1445 3205 usque

300 3228 338 3288 ed
361 3229 490 3288 cubitum
514 3236 542 3288 et
564 3228 619 3288 sub
641 3230 766 3307 pectoris
788 3249 943 3288 mammem
965 3231 1056 3290 vestis
1077 3228 1161 3310 lapsa
1183 3238 1234 3305 est,
1260 3232 1303 3288 ita
1325 3239 1357 3290 ut
1380 3249 1445 3289 cum

301 3354 401 3395 umero
423 3333 550 3394 lacertus
573 3341 602 3394 et
623 3334 709 3393 laeva
732 3354 800 3412 pers
822 3337 949 3414 pectoris
972 3333 1052 3394 nuda
1073 3335 1163 3398 fieret.
1208 3334 1325 3394 Scholio
1347 3342 1444 3394 cutem

300 3443 436 3521 ascripto,
461 3438 604 3520 quomodo
627 3439 683 3498 hoc
705 3440 769 3500 fieri
791 3444 927 3521 potuerit,
950 3441 1121 3520 explicetur,
1145 3461 1210 3500 cum
1232 3443 1331 3501 tunica
1353 3443 1444 3500 meni-

301 3554 376 3622 τοία,
400 3566 458 3625 que
480 3545 615 3606 mulieres
636 3548 806 3626 posterioris
829 3549 934 3606 aetatis
955 3546 1119 3622 utebantur,
1142 3548 1194 3606 vix
1216 3547 1258 3606 sic
1281 3565 1318 3606 ex
1344 3565 1443 3607 umero

299 3651 398 3714 delabi
420 3653 556 3731 potuerit.

390 3755 483 3834 Quem
514 3756 702 3836 neglegenter
735 3761 786 3839 qui
817 3757 929 3817 scholia
962 3756 1181 3838 descripserunt
1208 3777 1296 3838 saepo
1326 3777 1445 3819 munere

297 3864 391 3924 functi
422 3865 488 3938 sint,
520 3863 630 3926 scholio
658 3866 690 3924 in
713 3884 738 3923 v.
762 3843 875 3924 11075
900 3884 966 3923 cum
988 3863 1183 3944 etymologine
1206 3863 1314 3924 colluto
1337 3866 1445 3944 optime

299 3967 520 4030 demonstratur.
565 3969 644 4030 Num
670 3971 702 4028 in
730 3967 878 4030 codicibus
900 3967 959 4029 duo
982 3968 1019 4030 de
1042 3967 1145 4030 eadem
1166 3987 1240 4028 voce
1261 3967 1372 4028 scholia
1395 3989 1444 4029 ex·

298 4083 377 4136 stent
404 4095 508 4156 perum
537 4076 612 4136 inter
642 4095 673 4136 se
703 4095 846 4155 congrue:
875 4077 1000 4156 primum
1030 4072 1070 4154 (p.
1094 4077 1166 4149 366,
1180 4074 1444 4155 32-367,2Κ)ι

299 4175 420 4244 πελανοὶ
445 4175 478 4244 δὲ
500 4176 641 4263 πέμματα
663 4175 743 4242 ποιά.
783 4170 916 4241 Ἀττικοί
938 4174 972 4240 δὲ
994 4179 1053 4240 πᾶν
1075 4173 1108 4259 τὸ
1131 4173 1265 4261 πεπηγὸς
1289 4175 1367 4241 οίίτω
1390 4177 1443 4240 λέ-

298 4307 401 4370 γουσι;
433 4285 540 4379 deinde
562 4287 701 4349 alterum:
733 4280 859 4372 πελανὸς
884 4279 917 4346 δὲ
940 4283 955 4345 ὁ
979 4281 1218 4369 διαπεπηχμένος
1239 4279 1292 4348 καί
1314 4281 1442 4370 ῥυπαρὸς

271 4575 275 4580 .
373 4497 399 4568 1)
418 4494 507 4570 Etym.
526 4511 560 4552 m.
580 4494 698 4566 genuino
719 4492 764 4549 hic
784 4491 892 4564 plenius
911 4497 962 4552 est.
