3194 5200
599 433 601 437 ·
678 417 721 493 το

127 605 256 691 ἱστορίας
280 603 394 692 ἔλαβεν.
424 601 501 666 οὕτω
525 599 681 686 Tappulo,
714 608 829 686 opinari
851 604 975 666 fortasse
996 604 1066 664 licet
1088 591 1126 663 ad
1148 595 1271 664 eundem

124 714 273 773 Lucillum
294 735 352 774 non
375 713 468 772 solum
482 712 546 784 ,lioc
568 731 657 769 unum
681 711 824 771 scholium
847 711 898 772 sed
920 715 1008 772 etiam
1031 719 1134 784 cetera,
1156 713 1188 769 in
1210 713 1271 790 qui·

125 821 181 880 hus
203 840 249 880 res
272 841 290 878 a
312 827 399 899 poeta
420 818 506 876 fictae
534 820 561 876 ei
591 819 704 875 crimini
737 817 851 892 dantur,
881 816 983 893 redire,
1011 825 1161 896 praetcrea
1183 819 1272 877 etiam

126 925 239 985 scholia
269 924 319 982 illa
353 925 560 996 astronomica,
593 943 657 981 cum
688 923 735 981 his
749 971 752 974 .
765 926 910 983 artissime
940 922 1139 996 cohaerentia,
1173 924 1271 980 omnia

11 1055 12 1096 1
114 1013 254 1110 *denique
285 1029 405 1104 scholia,
436 1031 468 1086 in
501 1027 605 1107 quihus
636 1029 789 1088 consilium
819 1037 923 1110 poetae
949 1026 1179 1109 reprehendendi
1204 1047 1270 1105 eog-

11 1195 12 1208 ,
126 1154 246 1196 noscere
275 1127 358 1195 nobis
388 1133 567 1193 videbamur.
621 1130 709 1206 Quod
738 1139 763 1194 si
791 1143 869 1194 recte
898 1137 1009 1215 opinati
1035 1154 1141 1208 sumus,
1170 1131 1270 1191 lauda-

11 1271 12 1276 *
126 1222 219 1300 torem
247 1239 330 1298 illum
361 1247 464 1319 poetae
495 1245 563 1318 post
585 1238 732 1298 Lucillum
763 1242 913 1320 scripsisse
944 1257 1065 1300 neccsse.
1094 1246 1145 1314 est,
1176 1257 1272 1318 neque

11 1385 12 1406 t
127 1348 218 1424 igitur
240 1347 393 1425 quisquam
416 1347 472 1402 nisi
497 1351 547 1402 aut
569 1343 708 1404 irenaeus
727 1354 778 1405 aut
793 1345 950 1426 Sophocles
967 1345 1141 1406 scholiorum
1155 1344 1271 1404 illorum

11 1453 12 1456 ’
128 1458 229 1542 auctor
260 1469 323 1511 csse
353 1457 458 1531 potest.
504 1448 551 1508 Ac
578 1452 602 1508 si
633 1469 669 1510 ex
700 1451 746 1510 his
777 1451 889 1512 duobus
917 1451 1039 1512 alterum
1062 1450 1171 1530 eligere
1193 1451 1270 1524 licet,

11 1571 12 1582 ¹
127 1557 279 1636 Irenaeum
301 1555 391 1618 fuisse
413 1553 594 1615 laudatorem
615 1565 719 1636 poetae
741 1557 875 1633 iudicem,
905 1561 1030 1638 primum
1059 1565 1177 1638 propter
1203 1555 1270 1615 doc·

127 1665 233 1722 trinam
262 1681 331 1722 sane
361 1682 420 1720 non
452 1661 700 1737 contemnendam,
732 1683 790 1742 qua
821 1661 933 1722 scholia
947 1662 949 1668 '
963 1661 1124 1722 laudatoris
1156 1664 1271 1742 saepius

127 1777 268 1828 exornata
290 1775 366 1842 sunt,
389 1765 496 1826 deinde
519 1774 614 1826 autem
638 1767 717 1845 quod
732 1766 905 1848 Sophoclem
928 1771 1133 1828 commentario
1156 1766 1270 1826 Irenaei

20 1945 23 1956 ¹
126 1873 283 1952 diligenter
304 1893 389 1932 usum
412 1891 474 1933 esse
495 1871 648 1952 probabile
669 1881 721 1936 cst.
768 1867 852 1950 Quae
874 1877 1017 1936 sententia
1039 1872 1189 1954 paululum
1211 1872 1269 1931 for-

126 1987 204 2040 tasse
227 1979 414 2038 confirmatur
436 1981 610 2038 testimoniis
633 1982 805 2060 scriptorum
826 1981 857 2038 in
881 1979 999 2040 scholiis
1028 1979 1088 2038 illis
1116 1979 1269 2038 rhetoricis

11 2073 12 2096 ³
127 2084 289 2159 allatorum,
311 2106 379 2144 nam
401 2093 517 2165 praeter
533 2085 693 2144 Homerum
715 2086 754 2164 (et
770 2084 1006 2145 Callimachum?
1028 2083 1158 2163 11163)
1182 2085 1270 2142 etiam

11 2271 12 2274 Ἴ
126 2190 337 2250 Demosthenes
360 2190 431 2268 (sch.
456 2189 588 2270 11359),
611 2191 755 2251 Isocrates
778 2191 847 2270 (sch.
871 2191 991 2270 1435),
1015 2188 1175 2250 Menander
1197 2188 1268 2267 (sch.

125 2296 242 2372 1731),
264 2294 423 2375 Euripides
446 2294 517 2374 (sch.
542 2295 649 2355 11235
675 2303 704 2356 et
728 2296 801 2376 253)
824 2303 1029 2370 memorantur,
1059 2292 1137 2374 quod
1161 2296 1270 2374 optime

125 2405 157 2460 in
180 2402 330 2462 Irenaeum
355 2399 458 2460 cadere
479 2399 604 2476 videtur,
634 2404 742 2482 quippe
770 2405 821 2482 qui
852 2401 888 2463 de
917 2400 1041 2462 dialecto
1065 2399 1165 2460 Attica
1193 2419 1269 2460 com·

11 2545 12 2552 κ
125 2507 222 2588 plures
244 2502 335 2566 libros
357 2509 560 2587 composuerit.

212 2612 316 2672 Restat
338 2619 371 2670 ut
392 2611 442 2670 hic
463 2631 558 2691 pauca
587 2611 645 2670 alia
676 2611 788 2670 scholia
819 2611 1002 2689 subiungam,
1035 2612 1141 2693 quibus
1172 2610 1269 2673 ohser-

11 2727 12 2736 ’
128 2725 223 2794 vatur,
255 2716 399 2798 quomodo
432 2719 591 2776 sententias
621 2716 789 2797 figurasque
811 2717 987 2798 Apollonius
1019 2716 1056 2776 ab
1087 2717 1152 2776 aliis
1174 2719 1269 2798 poetis

125 2825 232 2902 petitas
246 2825 278 2880 in
293 2843 344 2880 suo
361 2824 487 2881 carmine
505 2824 636 2882 imitatus
652 2825 699 2882 sit.
729 2823 776 2882 De
790 2825 954 2882 imitatione
967 2821 1124 2882 Homerica
1136 2821 1183 2880 his
1197 2821 1269 2880 locis

127 2927 298 2987 adnotatur:
320 2927 379 2990 sch.
404 2928 420 2986 I
442 2931 502 2987 184
526 2922 606 3010 παρὰ
631 2923 663 2988 δὲ
686 2923 718 2988 τὸ
738 2919 904 3010 Ὁμηρικόν
931 2925 980 3001 „ai
1004 2927 1029 2987 δ’
1053 2924 1101 2986 ὅτε
1125 2923 1162 3009 δὴ
1187 2947 1269 3010 σκιρ-

11 3067 12 3090 ,
126 3035 199 3118 rqiev
231 3027 279 3093 ἐπὶ
313 3030 454 3115 ζείδωρον
486 3029 634 3116 ἄρουραν“
666 3029 704 3112 (Υ
721 3033 795 3113 226)
818 3029 866 3093 καὶ
889 3028 926 3094 τὰ
949 3030 1025 3115 ἑξῆς.
1071 3032 1135 3092 Sch.
1158 3033 1270 3109 1363,

11 3155 12 3160 τ
127 3141 205 3216 aaa,
229 3141 308 3216 297,
333 3141 411 3214 303,
437 3141 514 3214 304,
539 3141 620 3214 aas,
644 3141 722 3215 eoo,
748 3143 825 3215 eso,
850 3141 1269 3216 351,370,1036,1017,

129 3247 228 3319 1062,
263 3244 521 3319 1334311123:
558 3246 636 3320 257,
672 3247 750 3320 aaa,
785 3247 863 3320 541,
900 3247 977 3321 631,
1014 3247 1113 3320 1333,
1145 3244 1268 3321 11153,
1306 3265 1307 3269 τ

128 3352 206 3425 291,
231 3350 310 3425 453,
335 3351 412 3426 876,
439 3352 531 3409 1020.
569 3351 617 3410 De
640 3349 814 3410 Callimachi
835 3353 999 3410 imitatione
1021 3369 1067 3410 res
1090 3353 1186 3410 estin
1209 3350 1267 3409 sch.

127 3455 242 3515 11039
267 3448 479 3539 (Καλλιμάχου
501 3453 518 3534 ὁ
544 3453 655 3540 στίχος)
666 3453 699 3539 ¹).
745 3455 884 3516 Conferas
905 3463 1056 3536 praeterea
1078 3455 1135 3515 sch.
1159 3456 1268 3515 1726:

106 3558 177 3646 ,καί
199 3559 261 3620 ἐστι
284 3555 365 3642 παρὰ
392 3554 425 3620 τὸ
457 3556 609 3644 {captarit
643 3559 863 3634 ,,παντοδαπαῖς
895 3557 1060 3644 μεμιγμένα
1089 3559 1267 3644 ,potamau

127 3667 193 3728 Sch.
210 3667 300 3728 1881
326 3661 407 3748 παρὰ
430 3659 462 3728 τὸ
486 3662 672 3750 Ἰσοκράτους
699 3667 818 3750 „decep
842 3661 898 3750 γὰρ
921 3663 974 3748 τὴν
994 3663 1134 3748 μέλισσαν
1152 3664 1268 3748 ὁρῶμεν

126 3769 175 3855 ἐφ’
199 3759 315 3832 drudro
339 3765 391 3855 μὲν
413 3765 450 3829 τὰ
475 3769 670 3854 βλαστήματα
693 3769 922 3846 καθιζάνοοσαν,
950 3770 1004 3854 ἀφ’
1027 3768 1152 3832 ἑκάστου
1178 3765 1268 3832 δὲτὰ

11 3937 12 3946 ,
126 3876 261 3961 χρήσιμα
284 3862 494 3955 adtamen,
518 3871 596 3936 οὕτω
621 3871 724 3936 δὲκαὶ
748 3881 800 3958 τῆς
823 3874 990 3946 euticiae&

212 3979 272 4041 Sed
297 4001 362 4040 cum
384 3984 443 4039 iam
466 3984 584 4040 remotis
606 3980 771 4055 ruderibus,
797 3991 830 4041 ut
852 3986 894 4040 ita
918 3982 1022 4057 dicam,
1055 3983 1266 4063 paraphraseos

125 4089 345 4168 glossarumquc
367 4106 402 4145 ac
423 4089 592 4167 perquisitis
615 4090 658 4146 eis
688 4087 815 4163 scholiis,
846 4086 951 4168 quibus
980 4091 1152 4167 interpretes
1174 4088 1267 4168 Apol-

124 4196 195 4254 lonii
218 4196 294 4253 inter
316 4213 347 4252 se
370 4193 559 4254 adversantes
582 4213 755 4272 cognoscere
777 4202 950 4274 poteramus,
976 4198 1008 4252 in
1031 4193 1197 4274 quaerendo
1219 4194 1268 4254 hic

200 4443 227 4512 1)
246 4439 407 4496 Callimachi
437 4454 547 4508 versus,
580 4455 659 4508 quem
687 4440 861 4509 Apollonium
889 4442 1024 4496 imitatum
1052 4455 1113 4496 esse
1141 4447 1267 4513 apparet,

126 4531 240 4587 affertur
258 4529 341 4586 etiam
361 4529 388 4582 in
408 4529 464 4584 ach.
484 4527 520 4583 ad
539 4545 564 4586 v.
583 4528 662 4584 1396
681 4529 784 4600 (hymn.
804 4531 832 4584 in
851 4531 931 4586 Dian.
954 4533 1024 4600 107).
