3194 5200
888 441 927 508 98

334 610 456 708 thecel)
487 618 601 680 collatis
634 615 746 681 duobus
774 618 821 682 his
849 617 921 682 locis
950 617 1062 699 colligit
1091 617 1123 680 in
1144 615 1201 682 hoc
1224 613 1258 704 (a
1281 639 1308 682 r.
1333 613 1481 706 Χαδιοία)

335 725 516 788 Hecataeum
538 729 641 808 ipsum,
663 729 694 788 in
715 726 767 788 illo
791 725 827 808 (s.
847 747 875 786 v.
899 719 1045 810 Xclacla)
1069 734 1236 806 conuptum
1261 725 1406 789 scholium
1429 727 1483 790 So-

335 829 446 910 phoclis
476 852 513 895 ex
535 830 596 893 Oro
623 833 803 912 Stephanum
835 833 1029 912 exscripsisse.
1083 830 1142 892 Sed
1174 817 1240 892 cum
1271 832 1349 913 apud
1381 834 1479 915 Steph.

335 944 450 1014 practer
468 937 650 998 Hecataeum
673 941 762 998 etiam
777 935 967 1018 Apollonium
989 945 1180 998 memoratum
1201 940 1383 1000 inveniamus
1405 961 1483 1000 cum·

337 1061 393 1122 que
414 1051 563 1121 praeterea
585 1047 616 1104 in
638 1044 729 1104 schol.
743 1043 832 1123 Apln.
854 1042 893 1102 ad
914 1043 992 1102 hunc
1013 1047 1109 1122 ipsum
1131 1062 1255 1118 versum,
1277 1064 1364 1123 quem
1380 1043 1479 1125 Steph.

335 1146 432 1221 affert,
455 1149 597 1208 Hecataei
619 1152 763 1210 sententia
785 1150 936 1210 afferatur:
969 1145 1122 1210 Acaactlc
1153 1145 1265 1232 χωρίον
1288 1153 1341 1232 τῆς
1364 1147 1479 1212 Aecae·
1569 1133 1570 1192 l

336 1250 436 1336 σομίας
460 1250 513 1337 ἀφ’
537 1251 572 1316 οὗ
588 1252 755 1325 Λυκαστίας
772 1249 836 1316 εἷπε
851 1250 918 1325 τοὺς
940 1245 1122 1338 Ἀμαζόνας,
1149 1249 1309 1338 Χαδησίας
1332 1250 1365 1316 δὲ
1388 1251 1479 1327 αὐτὰς

335 1350 415 1420 εἶπεν
434 1351 595 1430 Ἑκαταῖος
626 1355 704 1433 ῒάπὸ
735 1361 787 1422 τοῦ
810 1360 979 1444 χαδῆσαιῒ,
1010 1381 1107 1422 nonne
1137 1364 1245 1422 rectius
1276 1361 1483 1424 concludemus

334 1467 422 1524 etiam
444 1465 499 1525 hoc
521 1466 585 1526 loco
601 1467 780 1546 Stephanum
794 1488 847 1526 sua
869 1489 928 1527 non
950 1487 987 1528 ex
1002 1470 1067 1547 ipso
1083 1467 1232 1528 Hecataeo
1257 1466 1309 1528 sed
1332 1487 1370 1528 ex
1391 1469 1481 1530 schol.

334 1569 423 1649 Apin.
439 1574 465 1630 i.
488 1592 512 1632 a.
535 1592 573 1632 ex
596 1571 657 1634 Oro
679 1575 843 1652 sumpsisse,
868 1575 970 1653 quiin
992 1571 1067 1632 libro
1089 1567 1157 1654 περὶ
1179 1569 1305 1634 ἐθνικῶν
1327 1593 1350 1632 s.
1365 1595 1393 1634 v.
1412 1568 1482 1636 Χα-

334 1674 415 1738 λισιά
437 1685 603 1759 comttptum
626 1677 768 1739 scholium
790 1679 986 1760 Sophocleum
1008 1681 1040 1737 in
1062 1701 1089 1738 v.
1113 1680 1234 1754 11373,
1256 1699 1278 1738 s.
1295 1701 1323 1740 v.
1347 1674 1482 1742 Xadtclu

334 1783 424 1844 schol.
456 1783 495 1843 ad
524 1806 551 1843 v.
575 1785 607 1844 II
624 1788 685 1844 999
716 1787 909 1864 exscripserit.
964 1784 1103 1844 Fortasse
1132 1785 1323 1845 sch.11373
1348 1786 1406 1865 ipsi
1429 1785 1482 1845 So-

333 1889 430 1969 phocli
454 1888 638 1948 tribuendum
661 1897 712 1963 est,
734 1911 799 1950 cum
822 1889 881 1948 sch.
905 1890 937 1948 ΙΙ
955 1891 1026 1963 999,
1049 1888 1100 1948 ubi
1114 1890 1281 1950 Hecataeus
1295 1897 1483 1968 memoratur,

335 1993 495 2074 Sophocles
526 2014 563 2054 ex
594 1997 760 2074 antiquiore
791 1997 998 2054 commentario
1021 1997 1052 2052 in
1075 2015 1159 2054 suum
1182 1995 1372 2056 transtulerit.
1417 1996 1482 2054 Mo-

334 2096 461 2158 nendum
483 2107 527 2158 est
548 2100 638 2160 verba
652 2095 812 2180 Χαδησίας
832 2093 864 2160 δὲ
882 2092 973 2167 αὐτὰς
988 2091 1067 2160 εἶπεν
1083 2093 1242 2168 Ἑκαταῖος
1267 2094 1324 2160 ἀπὸ
1347 2099 1399 2160 τοῦ
1421 2119 1483 2182 χα-

335 2203 435 2286 δῆσαι,
458 2213 492 2266 ut
512 2214 580 2266 sunt
602 2209 632 2266 in
655 2206 787 2279 scholiis,
809 2209 914 2266 vitiosa
937 2225 1016 2281 esse3
1045 2205 1097 2266 sed
1119 2226 1208 2286 quam
1230 2205 1347 2264 Keilius
1370 2207 1483 2266 coniec-

333 2317 428 2370 turam
450 2313 603 2390 proposuit
625 2307 683 2373 ἀπὸ
705 2315 760 2393 τῆς
783 2307 943 2392 Χαδησίας
966 2313 1085 2372 minime
1106 2311 1264 2372 satisfecit:
1296 2310 1382 2390 plura
1404 2313 1484 2370 exci-

334 2415 413 2476 disse
434 2425 464 2477 et
493 2417 601 2476 similia
631 2425 719 2498 atque
750 2416 829 2496 apud
852 2416 1032 2498 Stephanum
1055 2438 1077 2476 s.
1100 2438 1127 2478 v.
1152 2411 1298 2497 Χαδησία
1319 2419 1410 2476 etiam
1430 2416 1483 2476 hic

333 2521 424 2584 fuisse
446 2522 589 2586 videntur.

420 2627 471 2690 Ad
502 2650 532 2692 ν.
555 2631 589 2689 11
605 2631 716 2690 sosas.
761 2631 798 2690 In
832 2638 918 2710 etym.
948 2651 977 2708 g.
1009 2649 1032 2689 s.
1062 2649 1089 2688 v.
1122 2623 1269 2712 καχλάζον
1304 2626 1351 2706 (cf.
1384 2635 1421 2688 et.
1444 2647 1484 2686 m.

336 2739 472 2812 494,10,
494 2745 581 2816 etym.
605 2734 733 2797 Gudian.
746 2732 771 2811 ²)
795 2739 867 2812 308,
880 2732 934 2819 44)
957 2736 1030 2796 haec
1051 2735 1204 2813 leguntur:
1235 2727 1296 2794 οἷον
1323 2731 1484 2806 ,κοῖλαι-

337 2837 434 2924 ἄχνηιι
460 2842 505 2921 (ΙΙ
522 2842 692 2921 568-70).
728 2839 863 2925 σχόλιον·
895 2839 911 2902 0
934 2835 1038 2910 λευκὸς
1061 2834 1156 2922 ἀφρὸς
1178 2839 1230 2900 τοῦ
1253 2835 1383 2920 κύματος
1405 2858 1487 2920 καχ-

334 2943 493 3023 λάζοντος,
522 2941 611 3008 οἱονεὶ
633 2943 856 3028 ταρασσομένου
879 2941 952 3029 πρὸς
975 2943 1038 3014 ταῖς
1062 2939 1182 3007 σπιλάσι
1204 2939 1273 3026 (πρὸ
1297 2945 1347 3004 στ’*
1370 2939 1488 3025 πηλάσι

335 3047 379 3126 Α;
403 3033 442 3133 κβ
457 3051 490 3110 τ”
506 3045 637 3132 σπηλάσι
654 3045 693 3130 Β)
716 3049 780 3119 ταῖς
802 3047 954 3134 τρηχείαις
977 3044 1026 3111 καὶ
1042 3047 1106 3118 ταῖς
1122 3045 1233 3118 κοίλαις
1256 3041 1486 3132 ῒεκβμάσεινχθ)

336 3152 509 3236 autumem)
531 3153 691 3238 πεποίηται
714 3151 747 3216 δὲ
769 3151 802 3216 τὸ
824 3152 981 3239 καχλάζον.
1005 3151 1022 3218 ὁ
1046 3149 1102 3238 γὰρ
1125 3152 1201 3238 ἧχος
1223 3154 1277 3216 τοῦ
1299 3150 1428 3235 κύματος
1451 3149 1485 3212 ἐν

335 3264 395 3334 τοῖς
417 3263 583 3347 κοιλώμασι
607 3263 796 3348 (κοκλώμασι
814 3259 855 3343 Α)
877 3267 936 3326 τῶν
959 3265 1074 3347 πετρῶν
1096 3261 1254 3345 γενόμενος
1278 3261 1361 3324 δοκεῖ
1383 3257 1486 3343 μιμεῖ-

337 3369 409 3432 σθαι
440 3365 473 3430 τὸ
504 3367 603 3454 κάχλα
640 3367 786 3454 καχλαῧ).
845 3370 916 3431 Sine
947 3369 1036 3430 dubio
1065 3370 1139 3430 haec
1170 3371 1267 3430 omnia
1297 3388 1335 3428 ex
1365 3365 1488 3427 scholiis
1566 3437 1567 3442 η

327 3476 424 3556 -Apln
449 3478 596 3557 exscripta
618 3485 701 3552 sunt,
732 3476 783 3536 uhi
806 3497 884 3536 nunc
909 3475 983 3535 nihil
1005 3475 1101 3534 simile
1123 3483 1234 3549 exstat,
1265 3475 1354 3534 etiam
1375 3471 1486 3532 varilo·
1566 3453 1567 3464 λ

336 3584 444 3665 quium,
466 3602 532 3642 cum
555 3581 594 3640 ad
614 3585 680 3661 ipsa
702 3582 793 3642 verba
814 3589 919 3661 poetas
941 3580 1090 3640 alludatur
1112 3580 1162 3658 (cf.
1185 3601 1212 3640 v.
1233 3581 1383 3653 eos-9).
1428 3576 1486 3636 Oe·

325 3697 428 3751 ,terum
451 3687 544 3749 Orion
567 3688 652 3768 (122,
666 3690 719 3769 99)
746 3709 768 3748 s.
790 3709 818 3748 v.
841 3683 931 3771 ὄχλος
954 3707 992 3748 ex
1013 3686 1176 3748 Philoxeno
1199 3685 1286 3764 longe
1308 3683 1396 3744 aliam
1420 3690 1485 3762 ety-

407 3913 434 3982 1)
454 3911 483 3967 B.
504 3910 587 3968 Niese
605 3910 639 3969 de
657 3912 752 3982 Staph.
773 3913 835 3985 Byz.
856 3913 1023 3980 auctoribus,
1043 3909 1134 3966 Kiliae
1155 3910 1225 3964 1879
1244 3925 1271 3978 p.
1292 3907 1333 3962 14.

407 4002 436 4070 2)
455 4003 486 4056 ln
504 4002 678 4074 etymologici
697 4001 765 4058 (iud.
788 4003 926 4072 editions,
949 4018 1018 4072 qua,
1043 4000 1108 4056 dum
1127 3999 1224 4056 melior
1242 3996 1335 4065 deest,
1353 3993 1485 4052 utendum

334 4097 386 4160 est,
405 4091 456 4148 snb
474 4091 569 4148 littera
588 4090 613 4147 K
633 4092 720 4149 multa
737 4109 771 4150 ex
783 4099 864 4166 etym.
877 4109 937 4163 gen.
951 4091 1121 4163 interpolata
1140 4095 1211 4146 aunt.
1240 4087 1281 4145 cf.
1300 4085 1482 4144 Berckmann.

334 4196 362 4251 p.
383 4183 425 4250 15,
444 4182 594 4238 Reitzenst.
614 4199 641 4252 p.
660 4185 742 4238 ‘ttae
884 4215 888 4224 ·

407 4274 436 4344 3)
454 4273 597 4348 lappescura
615 4271 647 4328 Β.
672 4275 815 4348 lappescura
843 4279 923 4346 etym.
951 4271 1021 4329 (iud.
1058 4271 1191 4328 Fortasse
1219 4266 1365 4344 exspecta:
1392 4268 1488 4336 legen·

335 4359 400 4419 dum
417 4370 469 4420 sat.

406 4455 435 4525 4)
453 4453 528 4525 Lege
546 4455 672 4511 ἀνίπτοιν.
1564 4451 1565 4476 ¹

408 4545 438 4624 t)
456 4543 497 4601 01.
516 4544 606 4605 simila
624 4543 710 4606 schol.
729 4545 758 4608 ia
776 4543 894 4610 Thanar.
910 4543 949 4605 ld.
968 4543 1007 4604 v1
1023 4561 1047 4602 r.
1070 4544 1103 4600 12
1120 4559 1149 4623 p.
1167 4542 1221 4602 995
1240 4538 1295 4621 (etl.
1313 4540 1369 4612 Διλ
