3194 5200
640 1650 805 1753 Vita

242 2027 338 2088 Natus
368 2049 432 2088 sum
461 2027 688 2087 Ludovieus
711 2025 858 2086 Heurieus
881 2027 1057 2088 Wilhelmus
1081 2027 1196 2088 Deicke
1225 2045 1300 2085 anno

160 2135 241 2192 1877
266 2136 374 2193 mensis
398 2133 468 2193 Jun.
493 2131 521 2190 d.
546 2133 594 2192 30.
623 2140 706 2212 patre
728 2132 899 2192 Hermanno
929 2141 1022 2193 matre
1053 2133 1137 2193 Julia
1168 2151 1184 2192 e
1215 2139 1303 2211 gente

157 2237 320 2315 Weinberg
342 2237 433 2297 Gellia
453 2240 484 2296 in
506 2235 614 2318 oppido
637 2237 865 2298 Hannoverano.
901 2238 1062 2299 Elementis
1083 2238 1212 2298 imbutus
1234 2236 1303 2298 inde

159 2365 176 2401 a
208 2362 276 2403 vere
307 2347 376 2402 anni
412 2346 492 2403 1886
526 2346 672 2423 gymnasii
705 2347 780 2420 regii
811 2343 953 2404 Cellensis
986 2343 1147 2425 discipulus
1177 2343 1220 2403 fui
1251 2362 1303 2423 per

160 2453 176 2508 6
203 2469 303 2525 annos,
326 2467 361 2508 ex
386 2449 491 2529 quibus
509 2469 599 2510 unum
614 2458 735 2530 propter
749 2449 926 2510 valetudinis
940 2449 1171 2511 imbecillitatem
1187 2448 1302 2510 scholas

159 2554 239 2615 obire
269 2575 327 2614 non
358 2563 497 2634 poteram.
543 2553 629 2613 Anno
657 2562 754 2614 autem
781 2557 872 2631 1892,
895 2577 960 2615 cum
983 2565 1066 2636 pater
1088 2555 1303 2631 Muelhemium,

157 2664 187 2718 in
204 2659 343 2740 oppidum
358 2663 390 2718 in
405 2660 486 2719 Rura
500 2659 590 2719 fluvio
607 2662 703 2735 situm,
727 2655 804 2720 esset
824 2669 954 2737 vocatus,
976 2681 1009 2722 eo
1032 2683 1091 2720 una
1113 2681 1177 2720 oum
1200 2680 1303 2742 paren-

158 2767 236 2824 tibus
259 2767 466 2844 transmigravi
489 2765 588 2846 ibique
611 2769 798 2845 gymnasium
821 2767 963 2826 urbanum
990 2767 1182 2846 frequentavi,
1211 2765 1304 2825 donec

157 2881 241 2952 pater
263 2894 329 2932 cum
352 2875 479 2932 omnium
502 2881 632 2932 nostrum
655 2875 782 2932 maximo
813 2873 922 2951 gaudio
951 2881 1020 2954 post
1049 2871 1122 2931 duos
1152 2893 1244 2931 annos
1275 2881 1305 2933 et

158 2977 311 3037 dimidium
342 2983 373 3037 in
402 2981 528 3057 patriam
559 2981 741 3058 provinciam
773 2988 928 3039 revocatus
955 2977 1127 3056 Gottingam
1158 2980 1304 3058 migravit.

157 3085 194 3142 In
224 3087 378 3165 gymnasio
410 3087 490 3162 regio
520 3082 708 3162 Gottingensi
740 3087 829 3143 etiam
863 3106 939 3144 anno
972 3093 1001 3145 et
1032 3083 1153 3143 dimidio
1184 3093 1302 3164 peraeto

158 3187 313 3268 disciplina
342 3188 439 3248 Caroli
468 3189 583 3249 Hentze
618 3197 647 3248 et
678 3188 802 3248 Antonii
834 3191 948 3251 Viertel
981 3191 1160 3271 aliorumque
1193 3193 1305 3270 egregi·

159 3315 239 3353 orum
262 3296 388 3353 virorum
412 3297 563 3353 institutus
585 3293 654 3353 inde
677 3315 694 3352 a
717 3313 784 3354 vere
807 3298 876 3354 anni
902 3298 982 3355 1896
1007 3316 1099 3376 usque
1123 3294 1161 3354 ad
1192 3303 1304 3355 autum·

157 3421 226 3458 num
255 3402 325 3458 anni
356 3402 437 3459 1900
470 3403 501 3458 in
532 3399 588 3458 hac
617 3399 767 3459 academia
797 3399 894 3460 studio
926 3402 1088 3462 littermum
1118 3399 1304 3478 Graecarum,

157 3506 337 3580 Latinarum,
368 3505 578 3566 Germanarum
609 3524 727 3587 operam
753 3505 819 3566 dedi
845 3516 969 3587 excepta
992 3509 1061 3566 anni
1088 3508 1167 3567 1897
1193 3515 1304 3568 aestate

155 3615 187 3670 in
203 3613 391 3670 universitate
406 3611 574 3671 Monacensi
593 3619 719 3691 peracta.
755 3611 839 3686 Quae
863 3633 896 3671 ac
919 3623 1029 3693 quanta
1051 3633 1104 3694 per
1126 3633 1225 3674 omnes
1248 3615 1304 3674 hos

157 3736 248 3774 annos
282 3718 353 3773 viris
387 3715 447 3773 illis
481 3715 673 3789 doctissimis,
712 3738 835 3796 quorum
873 3719 998 3792 scholis,
1037 3720 1303 3796 exercitationibus,

157 3823 318 3879 seminariis
340 3829 373 3879 ut
394 3823 562 3880 interessem
585 3821 656 3879 mihi
682 3831 744 3880 erat
773 3842 947 3898 concessum,
980 3823 1137 3899 debuerim,
1169 3844 1228 3883 non
1260 3834 1305 3886 est

156 3925 205 3984 hic
235 3926 330 4000 locus,
362 3933 395 3984 ut
424 3946 574 4005 exponam.
620 3927 828 3987 Verumtamen
857 3928 952 3988 facere
983 3916 1043 3988 non
1073 3950 1200 4008 possum,
1232 3934 1303 4011 quin

157 4051 316 4110 paucorum
332 4030 449 4111 quidem
464 4035 591 4106 nomina,
616 4031 719 4112 quibus
734 4036 880 4091 maximae
895 4051 948 4112 per
964 4042 1054 4092 totam
1076 4037 1169 4093 vitam
1190 4039 1303 4112 gratiae

157 4133 309 4194 habendae
337 4145 404 4194 sunt
435 4139 543 4216 quique
574 4139 606 4194 in
637 4136 692 4195 hoc
724 4137 863 4216 opusculo
897 4137 1078 4197 conficiendo
1111 4141 1227 4216 egregie
1257 4159 1304 4201 me

158 4238 350 4314 adiuverunt,
382 4245 432 4320 pio
465 4250 606 4322 gratoque
638 4245 735 4302 animo
769 4243 903 4304 afferam:
935 4244 1053 4318 Leonis,
1085 4246 1135 4324 qui
1166 4243 1235 4304 inde
1266 4245 1303 4305 ab

157 4348 241 4404 initio
263 4346 472 4406 humanissime
503 4350 532 4406 in
565 4347 669 4408 studiis
701 4352 774 4409 meis
805 4368 851 4409 me
883 4349 970 4409 duxit
1000 4357 1088 4430 atque
1121 4354 1303 4426 sustentavit,

157 4453 295 4532 cuiusque
327 4444 396 4530 erga
426 4471 472 4512 ma
503 4455 631 4534 itemque
663 4453 796 4514 Kaibelii
828 4453 1049 4517 benevolentiae
1081 4453 1190 4532 debeo,
1226 4454 1303 4534 quod
