3194 5200
838 409 879 470 40

286 586 399 668 pridem
422 607 440 646 a
460 587 533 646 viris
549 583 643 645 doctis
655 581 677 664 ¹)
692 581 821 658 hahetur,
845 601 920 659 eum,
943 591 975 644 ut
997 583 1150 645 Irenaeum
1173 585 1370 666 exscripserit,
1392 586 1435 646 ita

290 696 379 755 etiam
402 695 597 774 antiquiorum
621 694 811 770 interpretum
835 693 1057 752 commentarios
1080 689 1233 772 expilasse.

828 866 892 938 §2-

372 992 561 1051 Perlustratis
584 993 627 1050 eis
650 989 778 1064 scholiis,
802 1007 877 1070 quae
900 991 1062 1050 certissime
1084 990 1209 1068 singulis
1229 990 1433 1070 interpretibus

287 1098 444 1158 attribuere
466 1117 627 1180 possumus,
659 1116 724 1156 cum
747 1097 865 1154 nomina
887 1098 953 1174 ipsa
975 1105 1090 1154 servata
1111 1099 1177 1168 sint,
1209 1099 1267 1156 iam
1298 1095 1336 1155 ud
1368 1096 1433 1156 reli·

289 1224 376 1284 qnam
403 1203 580 1264 scholiorum
608 1201 714 1260 molem
746 1199 952 1260 accedentibus
983 1203 1108 1281 primum
1139 1209 1269 1260 nostrum
1301 1204 1357 1261 erit·
1387 1221 1435 1260 eae

288 1317 387 1388 partes
403 1328 560 1382 secernere,
577 1325 652 1387 quae
667 1305 735 1366 inde
751 1327 769 1364 a
784 1306 938 1386 Sophoclis
953 1315 1082 1385 tempore
1099 1305 1136 1366 ab
1153 1307 1219 1366 aliis
1235 1309 1434 1384 grammaticis

292 1416 420 1493 antiquis
443 1413 563 1474 scholiis
587 1411 705 1470 additae
728 1419 802 1470 sunt.
848 1410 907 1471 Sed
937 1415 1104 1472 cautissime
1132 1418 1164 1472 iu
1190 1413 1243 1472 tali
1266 1414 1435 1492 quaestione

290 1519 377 1579 nobis
400 1517 617 1599 procedendum
640 1520 712 1592 erit;
745 1517 835 1594 vulgo
865 1508 950 1577 enim
963 1518 1096 1578 homines
1121 1517 1200 1578 docti
1227 1521 1347 1578 nimium
1369 1539 1435 1598 pro-

289 1629 372 1704 pensi
395 1633 463 1684 sunt
493 1627 590 1684 omnia
619 1642 654 1683 ea
684 1623 802 1696 scholia,
832 1623 938 1703 quibus
969 1625 1086 1703 singula
1116 1624 1215 1700 verba,
1245 1627 1435 1704 grammatica

289 1733 372 1804 ratio,
402 1730 557 1789 consilium
586 1737 690 1809 poetae
719 1729 815 1788 aliave
844 1731 963 1786 minoris
992 1728 1130 1809 ponderis
1154 1729 1343 1808 explicantur,
1372 1731 1435 1809 qui-

290 1834 412 1914 busque,
443 1841 477 1893 ut
499 1837 564 1914 ipsa
585 1853 616 1894 re
646 1842 774 1912 apparet,
805 1832 954 1892 doctrinae
984 1833 1037 1892 illa
1065 1835 1165 1910 moles,
1194 1856 1253 1914 qua
1281 1836 1435 1914 praecipue

293 1941 405 2000 scholia
428 1939 464 1998 ad
488 1960 534 1998 res
558 1939 704 1998 fabulares
728 1941 890 2018 spectantia
913 1947 1097 2013 exornantur,
1126 1943 1213 1999 inseri
1240 1943 1292 1999 vix
1314 1949 1435 2020 poterat,

291 2067 326 2106 ea
358 2055 392 2106 ut
425 2045 583 2124 magistelli
612 2044 758 2103 inferioris
787 2044 834 2104 vel
865 2046 891 2102 si
920 2043 965 2102 dis
995 2045 1091 2125 placet
1120 2045 1302 2126 Byzantinos
1332 2047 1436 2105 aetatis

292 2149 491 2210 additamenta
506 2157 695 2209 contemnere.
728 2149 830 2224 Immo,
854 2147 932 2228 quod
949 2152 1007 2208 iarn
1021 2153 1094 2210 ratio
1109 2152 1246 2230 postulat,
1268 2172 1326 2211 nou
1343 2150 1435 2209 solum

291 2254 328 2314 de
358 2258 448 2315 variis
480 2257 640 2334 scripturis,
674 2254 710 2314 de
741 2257 814 2312 raris
848 2253 1021 2333 quibusdam
1053 2255 1212 2330 vocabulis,
1246 2255 1283 2317 de
1314 2257 1436 2315 historia

290 2361 424 2434 fabulari,
448 2359 498 2420 sed
515 2363 604 2420 etiam
620 2359 657 2418 de
672 2359 777 2433 verbis,
801 2368 869 2433 arte,
886 2360 1007 2418 consilio
1022 2363 1116 2440 ipsius
1128 2371 1232 2441 poetae
1247 2364 1276 2420 iu
1292 2381 1436 2421 commen-

293 2470 375 2525 tariis
397 2469 455 2525 iam
478 2468 550 2524 satis
573 2468 693 2544 antiquo
716 2473 844 2544 tempore
862 2463 1041 2544 disputatum
1058 2486 1129 2541 esse,
1152 2467 1207 2526 hoc
1222 2487 1314 2547 nuper
1329 2464 1437 2526 scheda

293 2567 520 2652 Oxyrhynchi²)
543 2573 663 2630 inventa
685 2571 845 2630 clarissime
868 2569 974 2630 docuit.
1003 2570 1112 2630 Charta
1135 2571 1279 2633 editorum
1301 2573 1437 2651 opinione

290 2678 324 2737 II
338 2699 369 2756 p.
385 2676 452 2737 Chr.
476 2675 591 2736 saeculo
616 2679 725 2755 scripta
747 2684 800 2750 est,
823 2679 887 2754 ipse
910 2685 1007 2736 autem
1026 2681 1247 2738 commentarius
1262 2677 1436 2737 Homericus

291 2783 416 2842 fortasse
433 2782 471 2841 ad
486 2785 610 2862 primum
628 2781 776 2841 saeculum
791 2780 874 2841 redit.
903 2782 1003 2861 Atque
1018 2783 1132 2842 collatis
1147 2784 1193 2842 his
1209 2783 1357 2844 schedulis
1371 2803 1437 2842 cum

290 2889 382 2948 tribus
412 2888 472 2946 illis
506 2886 674 2966 corporibus
706 2886 891 2961 scholiorum,
923 2907 999 2966 quae
1030 2891 1062 2946 in
1093 2887 1242 2948 codicibus
1275 2897 1436 2962 servantur,

290 3001 407 3074 praeter
430 2993 558 3051 omnium
583 2995 748 3074 opinionem
771 2995 914 3071 apparuit,
938 3012 987 3052 eas
1007 2994 1159 3074 permultis
1174 2995 1246 3054 locis
1262 2995 1300 3054 ad
1314 2994 1435 3054 verbum

289 3099 351 3158 fere
373 3118 438 3157 cum
461 3097 589 3173 scholiis,
619 3117 695 3178 quae
716 3097 885 3157 BTsoholia
915 3097 1058 3174 dicuntur,
1091 3103 1248 3162 concinere.
1292 3100 1436 3161 Videmus

290 3207 389 3282 igitur,
421 3207 509 3262 etiam
541 3223 576 3264 ea
608 3203 727 3277 scholia,
759 3223 835 3282 qnae
857 3206 978 3262 minoris
1000 3203 1097 3264 adhuc
1119 3209 1302 3266 auctoritatis
1325 3228 1343 3265 a
1364 3208 1436 3264 viris

290 3310 385 3369 doctis
415 3309 667 3382 existimabantur,
701 3329 767 3367 cum
799 3309 974 3389 subscriptio
1008 3313 1039 3368 in
1071 3309 1135 3370 cod.
1165 3311 1238 3370 Vsu.
1268 3311 1297 3369 Α
1328 3311 1437 3370 tradita

292 3415 406 3476 deesset
427 3435 521 3495 neque
543 3424 603 3474 tam
626 3415 690 3474 fuse
713 3413 855 3494 docteque
878 3414 915 3475 de
934 3414 1020 3476 rebus
1035 3415 1215 3475 fabularibus
1231 3416 1436 3497 disputaretur,

290 3520 340 3580 sed
364 3528 479 3600 praeter
499 3519 656 3600 paradosin
687 3529 753 3580 ante
785 3523 883 3579 omnia
913 3520 1069 3580 verborum
1099 3529 1204 3600 poetae
1233 3524 1436 3602 interpretatio

290 3635 507 3706 proponeretur,
531 3634 608 3684 certe
631 3624 667 3683 ad
692 3628 815 3704 primum
837 3647 865 3706 p.
890 3625 956 3684 ehr.
981 3627 1128 3686 saeculum
1150 3625 1252 3688 redire.

377 3732 510 3790 Primum
532 3733 623 3808 igitur
644 3730 834 3809 paraphrasis
856 3732 983 3807 vestigia
1005 3750 1058 3810 per
1079 3740 1142 3792 tota
1164 3731 1274 3790 scholia
1303 3729 1437 3812 dispersa

206 3920 208 3929 Ι
290 3844 359 3895 sunt
388 3855 483 3914 neque
515 3834 625 3910 dubito,
658 3838 729 3916 quin
761 3833 799 3893 ad
831 3843 924 3894 totum
953 3856 1067 3896 carmen
1089 3836 1142 3895 illa
1163 3839 1336 3916 pertinuerit
1357 3838 1436 3914 olim,

291 3961 467 4022 quamquam
497 3961 576 4000 nunc
607 3941 761 4021 permultis
791 3941 865 4000 locis
897 3943 1015 4000 omnino
1047 3939 1144 4014 deest,
1178 3943 1243 4001 aliis
1274 3942 1348 4000 nihil
1378 3945 1436 4002 nisi

290 4047 406 4124 glossae
428 4053 547 4105 restant.
593 4045 678 4120 Quae
700 4045 818 4125 quidem
840 4065 898 4103 non
921 4048 964 4103 ita
986 4045 1116 4123 intellegi
1146 4046 1244 4121 velim,
1274 4056 1306 4106 ut
1334 4045 1436 4106 credas

290 4156 359 4216 olim
391 4156 558 4214 continuam
588 4155 792 4235 paraphrasim
824 4175 842 4213 a
873 4153 993 4212 scholiis
1025 4163 1167 4214 secretam
1198 4155 1303 4230 inisse,
1336 4154 1437 4236 quales

366 4339 392 4406 l)
412 4337 603 4394 Wilamouitz.
622 4335 733 4393 Heracl.
753 4335 772 4391 l.
791 4351 814 4390 c.

361 4428 388 4496 2)
408 4427 448 4482 cf.
463 4427 586 4484 Grenfell
606 4426 660 4482 and
673 4427 758 4495 Hunt,
778 4425 836 4481 The
856 4423 1035 4496 oxyrynchus
1047 4425 1160 4499 Papyri.
1181 4425 1258 4482 Part.
1272 4425 1299 4482 11
1317 4441 1343 4497 p.
1356 4427 1440 4482 bien.

289 4523 317 4572 et
335 4515 517 4572 Wilamouitz
546 4517 620 4573 Gott.
640 4517 694 4589 gel.
716 4518 783 4572 dur.
807 4515 876 4572 1900
894 4513 960 4572 fase.
981 4515 994 4571 1
1014 4517 1089 4587 psa
