3194 5200
698 417 737 483 bi

231 595 372 667 Eiusdem
396 597 562 679 interpretis
584 595 673 657 etiam
696 593 784 658 schol.
808 596 839 657 in
860 617 887 656 v.
904 595 1016 658 11049
1033 591 1081 676 (cf.
1100 593 1288 677 auulsas)

139 724 209 766 esse
230 714 335 787 potest,
357 704 410 764 ubi
431 725 478 764 res
500 712 545 764 est
567 701 604 764 de
619 707 759 786 accipitre
774 700 904 787 (κίρκος).
934 705 1117 764 'l'estimonia
1132 704 1291 764 afferuntur

139 833 161 873 e
184 813 258 871 libro
282 811 455 872 Callimachi
478 804 543 892 περὶ
568 807 680 892 ὀρνέων
703 820 732 870 et
754 810 921 870 Aristotelis
943 811 1010 870 hist.
1037 814 1123 870 anim.
1148 811 1290 890 (V11,2);

140 919 268 978 fortasse
296 921 384 976 etiam
413 917 501 976 schol.
533 917 578 975 IV
597 921 644 991 12,
678 917 727 976 nbi
758 916 931 998 disputatur,
963 916 1109 996 quomodo
1139 913 1233 999 κεμάς
1262 925 1292 976 et

142 1023 249 1108 νεβρός
272 1023 417 1099 differant,
440 1044 515 1104 quae
538 1023 697 1104 disputatio
721 1045 777 1083 non
801 1044 839 1083 ex
854 1027 919 1104 ipso
933 1023 1140 1103 Aristophanis
1155 1025 1290 1104 Byzantii

142 1132 222 1190 libro
245 1125 312 1213 περὶ
336 1127 496 1211 ὀνομασίας
519 1129 642 1211 ἡλικιῶν
665 1133 759 1210 petita
782 1150 846 1190 esse
863 1137 975 1211 potest;
997 1151 1064 1189 narn
1079 1130 1292 1210 Aristophanes

145 1237 305 1297 secumdum
328 1229 517 1296 Errstathium
539 1259 566 1318 p.
592 1239 713 1311 711,3o
737 1238 779 1315 (in
803 1259 827 1296 ν.
853 1233 876 1297 Θ
895 1239 969 1316 248)
981 1233 1002 1316 ¹)
1026 1233 1147 1320 νεβροὺς
1169 1239 1292 1294 iunioris

145 1345 252 1402 aetatis
286 1363 373 1422 quam
407 1337 540 1424 aspeliam
575 1361 638 1402 csse
657 1345 775 1400 statuit
809 1340 857 1422 (cf.
890 1342 984 1402 Onam.
1016 1341 1129 1405 Anecd.
1153 1343 1221 1400 Par.
1243 1341 1292 1400 ΠΙ

144 1448 319 1528 p.'229sq.;
343 1457 431 1530 etym.
455 1470 492 1508 m.
518 1452 588 1523 503,
612 1449 661 1508 ubi
685 1452 803 1507 initium
825 1449 940 1527 glossae
963 1449 1112 1508 escholiis
1128 1449 1292 1507 Homericis

104 1627 108 1635 ..
147 1541 293 1636 sumptum
316 1555 380 1633 est),
404 1575 470 1613 cum
492 1555 651 1614 scholiasta
668 1553 819 1634 Apollonii
843 1555 1000 1614 secundum
1023 1555 1186 1634 veriloquio
1207 1575 1292 1613 voca·

146 1661 282 1720 bulorum
304 1664 443 1721 minorem
467 1657 584 1744 κεμάδα
608 1681 671 1722 esse
694 1660 851 1722 contendat
875 1661 921 1743 (cf.
941 1669 1028 1744 etym.
1052 1682 1117 1742 gen.
1140 1687 1180 1714 =
1205 1668 1291 1742 etym.

148 1911 263 1968 videtur.
291 1911 342 1966 Sed
357 1929 416 1966 cum
430 1911 592 1981 Apollonius
612 1919 750 1968 certamen
770 1921 911 1968 taurorum
931 1914 1090 1970 brevissime
1109 1919 1214 1968 tantum
1234 1919 1293 1968 tun·

149 2008 206 2070 gat,
235 2001 373 2070 Vergilius
397 2001 481 2056 multo
501 2001 589 2057 fusius
609 2009 692 2072 atque
710 2004 885 2059 ornaussime
904 2004 975 2058 banc
994 2003 1216 2059 consuetudinem
1236 2009 1294 2056 tau·

148 2107 240 2145 rorum
266 2091 399 2147 describit
424 2092 531 2160 plenius
551 2092 659 2161 quidem
679 2093 727 2148 sed
747 2094 874 2149 similiter
893 2109 926 2148 ac
945 2093 976 2147 iit
995 2094 1022 2146 in
1042 2093 1126 2147 schol.
1147 2092 1182 2146 ad
1202 2091 1293 2161 Apoll.

148 2199 172 2236 v.
187 2183 271 2236 1189:
291 2180 448 2255 Ἀντίπατρος
468 2183 494 2236 δέ
513 2183 538 2235 ἐν
557 2191 594 2254 τῷ
613 2185 669 2256 περὶ
688 2185 762 2246 ζώων
782 2185 844 2257 φησὶ
862 2185 905 2236 τὸν
924 2184 1103 2252 ἀλκιμώτατον
1122 2183 1147 2234 ἐν
1165 2189 1197 2254 τη
1216 2182 1293 2252 ἀγέλη

149 2277 241 2343 ταῦρον
261 2280 362 2343 πρῶτον
383 2271 515 2342 μίγνυσθαι
534 2275 623 2332 πάσαις
643 2279 697 2332 ταῖς
717 2273 809 2344 βουσίν,
837 2275 872 2346 μὴ
892 2273 1027 2345 ἐπιτρέπειν
1046 2272 1072 2324 δέ
1091 2273 1177 2342 ἑτέρῳ.
1207 2269 1248 2322 ἐάν
1267 2269 1294 2322 δέ

148 2379 184 2420 τις
204 2359 332 2420 πεποιθὼς
352 2368 383 2433 τη]
403 2361 452 2432 ίδίρ
479 2361 581 2431 δυνάμει
608 2361 753 2415 ἀνθίσταται
780 2361 849 2434 αὐτῷ
875 2363 1109 2432 καταγωνισάμενος
1134 2365 1179 2413 τοῦ
1205 2358 1293 2412 λοιποῦ

148 2450 277 2522 πλησιάζει
295 2459 349 2509 ταῖς
369 2451 460 2522 βουσίν.
488 2449 671 2506 confirmatur
691 2453 760 2507 haec
779 2453 871 2520 opinio
885 2451 1034 2519 Vergilium
1055 2459 1084 2504 ut
1103 2458 1201 2518 postea
1213 2445 1294 2502 Vale·

148 2539 218 2593 rium
239 2539 368 2594 Flaccum
385 2547 498 2608 praeter
517 2541 603 2610 ipsius
625 2542 764 2610 Apollonii
784 2543 867 2598 verba
885 2543 968 2597 etiam
993 2541 1098 2596 scholia
1117 2538 1237 2594 Theonis
1256 2537 1295 2591 in·

149 2631 273 2698 spexisse
292 2631 347 2684 alio
366 2629 435 2694 loco,
456 2634 522 2686 Aen.
541 2649 564 2684 v.
578 2631 789 2700 V111422sqq.:
809 2640 940 2686 narratur
959 2647 975 2685 a
994 2639 1078 2700 poeta
1091 2631 1240 2685 Volcanum
1261 2627 1295 2684 de

149 2720 226 2776 caelo
245 2721 273 2774 in
288 2721 447 2775 Volcaniam
461 2721 578 2776 insulam
598 2738 685 2791 prope
698 2722 819 2776 Siciliam
838 2724 919 2776 sitam
938 2721 1112 2788 descendere,
1131 2728 1161 2774 ut
1180 2725 1295 2788 rogante

149 2811 256 2865 Venere
281 2813 391 2866 Aeneae
416 2827 494 2865 arma
519 2811 638 2867 fabricet
663 2811 710 2883 (cl.
729 2813 821 2881 Apoll.
841 2813 893 2867 Rb.
913 2813 1076 2880 11141sqq3
1104 2811 1142 2864 IV
1156 2811 1205 2864 761
1220 2825 1295 2878 sqq.;

149 2901 202 2954 924
213 2902 298 2970 sqq.);
318 2900 416 2956 deinde
432 2902 569 2970 pergitur:
591 2901 667 2970 „Hoc
680 2910 745 2957 tunc
757 2903 913 2972 ignipotens
926 2901 1002 2958 caelo
1016 2901 1157 2956 descendit
1174 2899 1209 2953 ab
1229 2900 1295 2954 alto.
1329 2969 1332 2973 ἢ

150 2989 265 3045 Ferrum
285 2990 451 3061 exercebant
470 2998 547 3046 vasto
567 2992 700 3063 Cyclopes
719 2993 746 3046 in
767 2999 855 3061 antro,
876 2994 1046 3061 Brontesque
1065 2992 1249 3060 Steropesque
1267 2995 1296 3044 et

148 3077 236 3134 nudus
255 3081 376 3136 membra
395 3082 554 3152 Pyracmon.
594 3083 644 3136 His
670 3082 846 3136 informatum
873 3083 1078 3137 manibusiam
1105 3088 1186 3151 parte
1206 3079 1295 3149 polita

148 3168 263 3225 Fulmen
291 3177 360 3238 erat,
388 3178 446 3224 toto
474 3171 583 3239 genitor
609 3187 679 3240 quae
702 3172 821 3240 plurima
848 3173 924 3228 caelo
946 3173 1035 3228 Deicit
1053 3173 1081 3226 in
1101 3179 1200 3238 terras,
1228 3185 1294 3238 pars

148 3258 311 3328 imperiecta
340 3260 502 3329 manebat“;
537 3277 607 3330 quae
635 3263 774 3316 translata
802 3278 863 3318 esse
891 3279 924 3318 ex
955 3261 1046 3331 Apoll.
1076 3277 1116 3315 νν.
1146 3259 1222 3314 1730
1235 3275 1295 3328 sqq.

148 3355 281 3418 apparet:
308 3351 333 3402 ἐν
360 3354 405 3420 μὲν
433 3351 491 3403 ἔσαν
510 3349 653 3411 Κύκλωπες
679 3353 717 3405 ἐπ’
745 3352 846 3426 ἀφθίτῳ
871 3355 960 3425 ἥμενοι
985 3354 1059 3425 ἔργῳ,
1087 3351 1152 3424 Ζηνὶ
1175 3350 1295 3423 κεραυνὸν

150 3439 239 3493 ἄνακτι
266 3440 423 3510 πονεύμενοι.
451 3441 477 3500 ὃς
504 3443 578 3495 τόσον
606 3443 656 3514 ἤδη
685 3443 838 3516 παμφαίνων
867 3444 983 3498 ἐτέτυκτο
1012 3448 1070 3514 μιῆς
1099 3442 1121 3494 δ’
1149 3441 1185 3494 ἔτι
1212 3439 1296 3493 δείετο

152 3535 246 3600 μοῦνον
266 3531 375 3594 ἀκτῖνος,
394 3533 439 3604 τὴν
459 3533 509 3602 οίγε
529 3533 654 3606 σιδηρείῃς
673 3533 795 3587 ἐλάασκον
815 3534 943 3607 σρίρησιν,
963 3534 1081 3604 μαλεροῖο
1094 3531 1172 3604 πυρὸς
1185 3531 1296 3593 ζείουσαν

148 3621 258 3693 ἀυτμήν.
285 3619 368 3689 Verg.
380 3620 464 3689 igitur
477 3621 617 3691 Apollonii
637 3639 677 3677 νν.
696 3622 731 3676 ad
751 3622 862 3678 verbum
881 3623 939 3678 iere
958 3621 1095 3692 expressit
1114 3619 1215 3676 additis
1236 3626 1297 3674 tan·

147 3717 207 3765 tum
226 3709 380 3766 nominibus
400 3711 556 3782 Cyclopum,
577 3713 706 3782 Brontae,
727 3713 869 3782 Steropae,
896 3712 1081 3784 Pyracmonis.
1120 3711 1185 3780 Ipsa
1204 3717 1296 3764 autem

147 3800 219 3856 baec
236 3800 345 3855 nomina
364 3808 476 3870 praeter
496 3801 681 3873 Pyracmonis‚
709 3802 781 3871 quod
808 3802 942 3859 excidisse
967 3809 1068 3872 potest,
1096 3802 1125 3855 in
1151 3800 1235 3856 schol.
1260 3799 1296 3854 ad

147 3890 241 3958 Apoll.
261 3907 284 3947 ν.
302 3891 378 3946 1730
397 3890 550 3946 adduntur:
570 3889 725 3952 Κύκλωπες·
746 3893 815 3948 οὗτοι
833 3898 888 3966 γάρ,
908 3892 1022 3966 Βράντης
1041 3894 1085 3946 καὶ
1103 3890 1240 3964 Στερόπης,
1259 3897 1296 3962 τῷ

148 3977 190 4034 Διὶ
217 3981 262 4034 τδν
289 3982 408 4054 κεραυνὸν
438 3982 545 4036 ἔδωκαν.
571 3984 614 4036 καὶ
634 3980 745 4042 Ἡσίοδος
773 3984 813 4052 „ol
842 3984 946 4056 βροντὴν
966 3981 1031 4054 Ζηνὶ
1057 3982 1145 4035 ἔδοσαν
1163 3979 1251 4042 τεῦξάν
1270 4000 1297 4034 τε

147 4072 295 4143 κεραυνόν“.
334 4070 424 4140 Atque
449 4078 596 4141 praeterea
616 4071 823 4128 considerantes
843 4072 993 4142 Vergilium
1011 4071 1137 4138 Thema,
1165 4069 1296 4126 Nicandr.

147 4161 190 4231 (in
209 4159 307 4230 Georg.
326 4161 401 4232 libr.)
420 4162 550 4232 Apollon.
570 4162 622 4218 Rb.
642 4171 754 4232 praeter
773 4163 920 4219 Homerum
941 4163 1060 4218 maxime
1085 4169 1208 4218 secutum
1227 4176 1297 4228 csse,

147 4249 166 4305 i.
187 4267 211 4306 ο.
230 4251 339 4308 eosdem
358 4259 465 4322 poetas,
495 4269 562 4322 quos
583 4254 699 4322 Vergilii
726 4254 785 4310 sere
810 4261 902 4310 aetate
928 4254 1067 4310 Theonem
1094 4250 1297 4307 commentariis

146 4341 315 4402 instruxisse
342 4343 451 4410 scimus,
480 4341 572 4397 facere
599 4343 643 4396 vix
669 4360 823 4412 possumus,
852 4345 917 4414 quin
936 4343 1087 4412 Vergilium
1113 4347 1140 4403 et
1159 4341 1297 4398 Thoonem

147 4431 241 4500 aliquo
260 4432 340 4486 modo
359 4433 431 4488 inter
452 4449 482 4486 se
502 4433 650 4489 cohaerere
669 4441 831 4489 statuamus.

224 4522 250 4593 1)
269 4520 311 4578 Cf.
328 4521 437 4592 Nauck,
458 4521 599 4594 Aristoph.
620 4519 686 4598 Byz.
706 4523 787 4593 lrgm.
806 4539 832 4593 p.
854 4525 905 4579 122
915 4539 972 4602 sqq.
