3194 5200
672 372 710 430 71

122 544 269 608 δύνασθαι
291 541 368 607 κατά
390 540 442 614 τάς
465 529 608 627 Σειρῆνας
638 542 799 627 παρελθεῖν
830 540 936 614 αὐτοὺς
956 539 1106 628 -Ὀρφέως
1135 544 1264 628 συμπλέ-

123 673 214 720 οντος.
259 651 352 712 Vides
373 655 463 730 igitur
486 652 560 734 alius
583 654 757 712 sententiam
778 653 952 730 impugnari,
978 653 1028 730 qui
1051 661 1166 731 poetam
1189 655 1264 712 vitu-

122 767 288 836 peraverat,
323 757 400 838 quod
430 756 578 837 Orpheum
612 766 758 816 cantorem
790 756 914 836 ideoque
944 756 1092 816 hominem
1122 757 1266 816 infirmum

123 870 211 942 atque
247 863 393 922 imbellem
432 885 491 921 una
528 884 593 936 cnm
629 863 808 940 Argonautis
842 861 1003 942 profectum
1034 883 1096 922 esse
1126 864 1265 924 finxisset.

124 967 225 1028 Simile
248 969 478 1028 estsch.1763
501 969 550 1028 ubi
574 969 611 1028 de
633 968 723 1048 pallio
746 969 861 1027 Iasonis
884 971 994 1046 agitur:
1020 970 1160 1052 ζητητέον
1186 965 1218 1029 δέ
1238 966 1267 1030 τί

125 1069 262 1156 βούλεται
279 1071 373 1157 αὐτῷ
401 1075 494 1134 ταῦτα
523 1068 559 1135 τά
589 1070 777 1155 ποικίλματα.
810 1069 861 1134 καὶ
888 1071 1012 1156 ἐροῦμεν
1035 1073 1079 1136 ότι
1102 1073 1117 1134 ὁ
1141 1072 1266 1158 ποιητὴς

126 1174 174 1240 διά
203 1183 256 1262 τῆς
285 1174 439 1262 χλαμύδος
469 1175 553 1240 οὐδὲν
585 1177 685 1262 ἕτερον
714 1179 734 1260 ἦ
766 1175 819 1260 τὴν
850 1175 996 1262 κοσμικὴν
1025 1177 1103 1249 τάξιν
1132 1177 1181 1244 καὶ
1213 1177 1265 1251 τάς

124 1281 240 1366 πράξεις
264 1283 466 1367 φησί...(.);
496 1294 525 1345 et
548 1285 639 1347 schol.
663 1286 741 1344 llll
775 1286 812 1364 (p.
838 1287 909 1360 450,
923 1285 951 1363 1)
983 1285 1113 1368 ζητεῖται
1143 1282 1176 1346 δὲ
1207 1283 1266 1368 μά-

124 1389 209 1450 λιστα
231 1399 293 1460 πῶς
321 1388 512 1473 ἐπικέκληται
543 1386 595 1460 τάς
619 1387 755 1468 Μούσας,
787 1387 815 1450 έν
847 1389 890 1474 τῷ
917 1388 938 1451 a
963 1384 1132 1454 Ἀπόλλωνα
1160 1391 1266 1453 ἐπικα-

124 1490 284 1577 λεσάμενος
299 1543 304 1554 .
321 1543 347 1556 ..
376 1496 553 1556 Laudatoris
575 1499 700 1574 vestigia
722 1495 855 1556 videmus
877 1517 906 1576 p.
932 1499 1003 1572 447,
1030 1501 1153 1556 16-19
1179 1495 1267 1558 εὐλό-

103 1621 185 1679 Ιγωτ,
222 1597 271 1662 οὖν
305 1597 497 1670 Ἀπολλώνιος
536 1599 739 1683 μεμοιρᾶσθαι
774 1597 826 1680 τὴν
864 1595 980 1684 Ἐρατώ
1015 1623 1091 1685 φησι
1122 1606 1181 1665 τῶν
1214 1607 1267 1686 τῆς

125 1699 297 1788 Ἀφροδίτης
326 1703 444 1788 ὀργίων,
477 1703 556 1786 λέγω
590 1703 627 1786 δὴ
659 1709 717 1767 τῶν
750 1708 893 1786 γαμικῶν.
925 1703 1031 1788 γάμοις
1063 1703 1096 1768 δέ
1128 1704 1187 1791 ἄρα
1217 1705 1267 1769 καὶ

124 1809 247 1896 όρχησις
271 1810 379 1873 ἕπεται.
425 1813 568 1871 Doctrina
597 1812 649 1870 illa
676 1811 898 1892 mythographa,
929 1833 1002 1894 quae
1025 1813 1062 1874 de
1084 1815 1177 1873 Musis
1200 1835 1265 1895 pro-

123 1918 214 1978 fertur
235 1941 261 1998 p.
287 1922 357 1992 449,
383 1922 507 1978 19-27
534 1927 611 1998 etp.
638 1921 797 1993 occasa,
829 1927 905 1979 certe
936 1941 954 1978 a
981 1921 1102 1982 Theona
1132 1923 1266 2001 primitus

124 2027 250 2104 ascripta
272 2034 323 2084 est.
369 2025 520 2084 Postremo
552 2033 647 2082 autem
680 2027 894 2102 grammaticus,
927 2029 978 2105 qui
1001 2027 1158 2102 Theonem,
1190 2030 1265 2087 vitu-

123 2139 293 2210 peratorem,
325 2129 504 2190 laudatorem
536 2137 604 2188 ante
636 2129 735 2188 oeulos
762 2128 867 2188 habuit
889 2129 1104 2210 (Sophoclesi),
1136 2135 1265 2190 omnium

124 2237 225 2295 horum
254 2239 443 2316 interpretum
460 2237 632 2294 'sententias
655 2237 686 2293 in
710 2237 907 2314 quaestionem
929 2235 1011 2294 illam
1034 2233 1073 2320 (p.
1099 2237 1266 2317 450,1ss.)

124 2345 283 2401 coniunxit.
792 2324 795 2328 ¹

209 2448 253 2507 Ut
275 2447 426 2526 permultis
447 2447 520 2506 locis
542 2446 702 2506 laudatoris
725 2446 836 2506 scholia
865 2446 949 2522 tradi,
981 2447 1031 2506 ubi
1061 2451 1266 2528 vituperatoris

123 2555 249 2629 vestigia
274 2553 355 2610 nulla
383 2561 540 2626 exstarent,
572 2573 659 2632 supra
689 2551 824 2627 vidimus,
855 2555 898 2611 ita
929 2573 1146 2633 nonnumquam
1177 2558 1265 2614 etiam

123 2662 348 2738 vituperatorem
371 2656 622 2737 deprehendimus,
649 2657 698 2716 ubi
722 2657 855 2716 laudator
877 2660 903 2718 ei
926 2679 984 2718 non
1006 2663 1137 2718 occurrit.
1182 2660 1266 2736 Quae

123 2784 169 2824 res
191 2773 242 2822 aut
266 2784 298 2824 eo
322 2763 465 2843 explicari
479 2771 583 2844 potest,
606 2762 684 2843 quod
706 2763 737 2823 in
760 2763 879 2822 scholiis
900 2763 984 2823 nobis
1007 2763 1122 2826 traditis
1146 2765 1265 2825 alterius

123 2873 266 2930 sententia
288 2869 405 2944 excidit,
429 2879 541 2943 autea,
565 2868 644 2948 quod
664 2869 800 2928 laudator
822 2891 881 2928 non
904 2869 1035 2929 omnibus
1058 2871 1137 2946 locis,
1160 2871 1265 2951 quibus

122 2985 210 3057 poeta
232 2975 503 3056 reprehendebatur,
525 2978 716 3054 vituperatori
739 2973 910 3035 adversatus
932 2984 983 3051 est,
1013 2976 1063 3036 ille
1087 2985 1191 3052 autem,
1216 2980 1264 3058 qui

122 3090 253 3141 nostrum
284 3081 459 3140 scholiorum
490 3101 595 3160 corpus
627 3080 764 3155 confecit,
797 3084 946 3161 utriusque
977 3085 1204 3158 commentariis,
1236 3091 1265 3144 et

122 3187 282 3247 laudatoris
304 3197 333 3247 et
355 3189 569 3266 vituperatoris,
601 3206 671 3244 usus
698 3195 756 3245 est:
788 3187 868 3246 velut
890 3187 949 3246 sch.
973 3188 1104 3247 112072
1136 3185 1264 3272 ἀπρεπές

125 3289 157 3353 δέ
184 3290 301 3354 νεανίαν
332 3289 433 3374 ὑδρίαν
466 3287 632 3374 βαστάζειν.
669 3281 809 3373 (Όμηρος
842 3287 875 3352 δέ
906 3291 1076 3375 πρεπόντως
1107 3292 1263 3378 παρθένον.

125 3395 328 3479 πιθανώτερον
354 3392 386 3456 δέ
407 3392 442 3477 ἦν
468 3392 607 3477 ἀμφορέα
631 3392 721 3456 εἰπεῖν
745 3395 785 3464 ὡς
809 3390 1018 3482 Καλλίμαχος;
1043 3399 1264 3477 sch.111865;

124 3503 182 3561 sch.
206 3502 322 3570 1V131
350 3498 501 3585 ὑπερβολῇ
521 3497 665 3582 κέχρηται
694 3496 761 3583 περὶ
791 3500 950 3584 ποσότητα,
983 3498 1010 3564 εἴ
1040 3501 1074 3584 γέ
1106 3527 1180 3587 φησι
1211 3502 1264 3586 τὴν

124 3609 175 3668 τοῦ
200 3607 359 3690 δράκοντος
381 3603 484 3690 φωνὴν
508 3606 567 3674 τοῖς
593 3601 644 3686 μέν
675 3601 788 3689 μακράν
821 3602 885 3668 οὖσι
915 3612 974 3668 τῶν
998 3605 1127 3692 Κόλχων
1155 3607 1264 3671 ἀκούε-

125 3712 205 3788 σθαι,
236 3709 336 3781 αὐτοῖς
360 3709 393 3772 δέ
418 3713 457 3795 μή
483 3741 523 3765 =
548 3712 606 3771 sch.
630 3711 675 3771 IV
694 3715 771 3789 143;
800 3712 859 3773 sch.
882 3713 928 3772 IV
945 3717 1016 3778 847.
1062 3715 1184 3788 Praeter
1205 3717 1265 3777 alia
1312 3711 1313 3714 ’

123 3823 303 3898 vituperator
325 3818 375 3877 ille
398 3817 436 3876 ad
458 3837 504 3878 res
527 3820 735 3877 astronomicas
758 3839 776 3876 a
797 3827 884 3899 poeta
906 3827 1000 3879 tactas
1023 3824 1151 3881 animum
1170 3830 1263 3882 atten-

123 3924 203 3983 disse
231 3923 355 3998 videtur,
386 3924 467 3983 velut
497 3927 527 3982 in
550 3923 638 3983 schol.
662 3924 802 3983 111225:
837 3920 1077 3996 όἈπολλῶνιος
1107 3922 1182 3988 κατά
1211 3924 1264 4010 τὴν

125 4026 282 4091 Πλειάδων
299 4025 380 4090 δόσιν
399 4026 494 4110 λέγων
516 4025 569 4112 τὴν
592 4028 703 4112 κρήνην
729 4025 838 4112 θερμόν
863 4028 933 4114 ῥεῖν,
956 4033 1034 4095 κατὰ
1058 4028 1090 4094 δὲ
1113 4029 1165 4116 την
1189 4031 1264 4096 ἀνα·
1305 4114 1307 4118 Ι

122 4132 211 4217 τολὴν
234 4135 356 4220 ψυχρόν,
380 4133 414 4196 οὐ
437 4133 621 4219 παρέστησεν
645 4134 807 4220 εἰλικρινῶς
830 4133 879 4199 τὸν
902 4137 1010 4222 καιρόν.
1035 4136 1088 4200 δύο
1111 4135 1167 4222 γάρ
1191 4137 1263 4202 εἰσιν

123 4237 264 4304 ἀνατολαὶ
296 4251 352 4303 τῶν
384 4241 523 4304 ἀπλανῶν
556 4237 673 4325 άστρων
704 4238 754 4304 καὶ
786 4241 838 4304 δόο
872 4241 1024 4316 δόσεις...
1047 4266 1138 4327 περιτο
1167 4246 1205 4306 ad
1234 4268 1263 4308 ν.

123 4351 195 4423 457,
205 4351 253 4408 33.
283 4349 332 4408 Ex
354 4347 456 4410 eodem
477 4356 510 4408 ut
533 4348 650 4409 videtur
672 4349 760 4425 fonte,
784 4371 840 4430 quo
856 4349 1008 4431 Apollonii
1029 4357 1172 4434 interpres
1194 4341 1263 4413 usus

124 4461 178 4530 ast,
200 4456 288 4514 etiam
311 4456 458 4534 exscripta
480 4462 547 4514 sunt
571 4473 644 4535 quae
667 4462 782 4515 exstant
804 4458 833 4514 in
849 4456 976 4518 Achillis
998 4459 1115 4538 Isagog.
1138 4467 1263 4539 excerpt.
