3194 5200
872 369 912 432 32

323 545 514 606 Theocritum
537 513 749 606 Callimachum
771 545 955 606 Nicandrum
970 545 1192 625 Lycophronem
1216 521 1371 626 compositi
1386 535 1472 628 sunt,

321 655 408 712 unius
430 661 518 732 atque
548 651 676 711 eiusdem
706 671 768 712 esse
797 653 980 730 grammatici
1010 649 1046 710 de
1077 654 1171 710 causis
1204 655 1275 710 satis
1306 653 1402 729 certis,
1433 661 1471 711 ut

322 759 395 817 mihi
420 757 537 837 quidem
567 757 692 832 videtur,
723 761 851 817 conicere
878 757 955 816 licet.
1000 756 1146 816 Lucillum
1169 765 1266 816 autem
1288 755 1472 844 Tarrhaeum

322 883 381 922 non
412 873 480 922 ante
509 865 634 942 primum
664 885 692 942 p.
715 863 783 928 Chr.
814 863 962 922 saeculum
993 864 1103 923 vixisse
1124 861 1371 922 Wilamowitaius
1399 881 1467 941 pro-

321 968 404 1027 bavit
418 965 442 1047 ¹)
473 969 647 1028 assentiente
669 969 800 1028 Usenero
811 967 841 1047 ²).
887 968 999 1028 Scimus
1028 977 1125 1028 autem
1154 986 1220 1028 eum
1248 975 1364 1048 praeter
1391 966 1471 1025 hunc

321 1075 473 1153 Apollonii
496 1077 732 1133 commentarium
762 1077 912 1153 scripsisse
942 1068 1007 1157 περί
1038 1069 1232 1157 γραμμάτων,
1265 1067 1332 1156 περὶ
1361 1092 1470 1154 παροι-

325 1183 400 1261 μιῶν
423 1175 489 1261 τρία
514 1175 623 1261 βιβλία,
645 1175 777 1262 τεχνικοί,
800 1173 867 1262 περὶ
891 1175 1111 1261 Θεσσαλονίκης
1120 1176 1153 1258 ³).

410 1285 467 1359 Qui
492 1284 584 1343 altero
605 1285 669 1343 loco
693 1283 803 1343 dicitur
825 1284 984 1363 Sophocles
1006 1287 1220 1362 grammaticus,
1250 1303 1315 1342 oum
1338 1283 1469 1357 Irenaeo,

251 1405 254 1410 '
323 1389 360 1450 de
384 1412 440 1469 quo
464 1393 563 1448 statim
586 1389 741 1449 dicendum
773 1397 825 1466 est,
854 1411 924 1449 usus
956 1393 1003 1465 sit,
1033 1398 1100 1450 ante
1122 1391 1155 1448 ΙΙ
1177 1411 1205 1469 p.
1229 1388 1298 1449 Chr.
1321 1389 1471 1448 saeculum

322 1499 471 1575 scripsisse
505 1517 565 1554 non
599 1503 712 1575 potest,
748 1517 819 1554 nam
855 1505 888 1555 ut
922 1495 1143 1556 Maximilianus
1175 1495 1356 1554 Wamkross
1390 1498 1470 1554 recte

323 1604 470 1679 cognovit,
500 1603 526 1658 is
551 1604 598 1680 qui
623 1603 653 1659 in
676 1600 735 1660 sch.
760 1602 867 1660 11992
891 1601 1006 1661 Irenaei
1029 1603 1202 1661 senteutiam
1223 1603 1386 1681 impugnat,
1416 1589 1480 1659 So?

324 1707 444 1786 phocles
467 1715 519 1781 est,
544 1725 628 1786 quem
651 1706 815 1786 Stephanus
838 1707 911 1786 Bya.
935 1727 958 1767 s.
981 1727 1007 1766 v.
1028 1700 1177 1789 Ἀκρονία
1201 1707 1356 1786 exscripsit
1364 1701 1394 1784 ⁴).
1460 1711 1464 1727 '

410 1813 509 1870 Etiam
532 1812 606 1870 alios
627 1815 706 1872 viros
729 1811 831 1871 doctos
847 1813 998 1891 Apollonii
1017 1815 1137 1872 carmini
1160 1831 1277 1892 operam
1300 1810 1414 1871 dedisse
1429 1827 1468 1870 ex

322 1921 394 1996 ipsis
413 1917 530 1976 scholiis
545 1919 694 1976 novimus:
716 1916 804 1975 schol.
828 1917 975 1977 111052:
998 1912 1104 2000 Χάρης
1128 1914 1218 1978 αὐτοῦ
1241 1917 1293 1978 τοῦ
1306 1907 1468 1978 Ἀπολλω-

321 2021 384 2085 νίου
416 2021 563 2105 γνώριμος
594 2020 624 2082 ἐν
656 2027 698 2105 τῷ
729 2017 796 2105 περὶ
828 2021 964 2104 ἱστοριῶν
991 2016 1201 2084 Ἀπολλωνίου
1225 2031 1254 2082 et
1275 2022 1336 2083 sch.
1358 2022 1467 2082 1623:

322 2123 546 2210 Ἀσκληπιάδης
574 2125 589 2186 ὁ
616 2123 808 2210 Μορλεανός,’
831 2123 944 2197 δεικνὺς
976 2126 1020 2189 ὅτι
1049 2122 1130 2212 παρὰ
1154 2123 1294 2197 Κλέωνος
1313 2121 1351 2188 τὰ
1371 2119 1468 2188 πάντα

323 2220 499 2317 μετῆνεηιιεν
522 2223 736 2311 Ἀπολλώνιος,
768 2232 821 2292 sed
852 2242 974 2313 apparet
1004 2242 1128 2314 utroque
1155 2234 1219 2294 loco
1241 2254 1301 2292 non
1322 2250 1469 2291 commen-

321 2343 428 2399 tarium
449 2341 539 2398 totius
561 2341 705 2413 carminis,
738 2337 790 2398 scd
815 2341 997 2417 quaestiones
1020 2338 1159 2399 decerta
1183 2337 1309 2420 quadam
1333 2358 1364 2399 re
1386 2339 1465 2396 insti·

321 2454 414 2519 tutos,
449 2440 681 2526 συγγράμματα,
717 2446 881 2504 memorari.
940 2443 1188 2506 Commentarium
1221 2452 1318 2504 autem
1352 2451 1468 2524 praeter

321 2553 526 2629 grammaticos
547 2552 578 2608 in
606 2549 819 2629 subscriptione
849 2549 1024 2610 scholiorum
1054 2557 1291 2610 commemoratos
1314 2548 1349 2624 Q.
1372 2547 1467 2608 Minu·

323 2655 386 2716 cius
408 2657 535 2716 Pacatus
558 2656 690 2730 confecit,
713 2656 800 2715 homo
815 2656 973 2732 Romanus,
998 2660 1048 2737 qui
1070 2660 1100 2716 in
1123 2656 1205 2716 libris
1226 2674 1331 2734 graece
1349 2656 1468 2734 scriptis

324 2758 482 2845 Εἰρηναῖος
506 2781 536 2822 se
559 2760 735 2842 appellabat.
763 2761 912 2837 Irenaeus,
934 2761 1090 2822 Heliodori
1113 2761 1283 2842 discipulus,
1304 2767 1338 2820 ut
1360 2757 1467 2818 Suidas

322 2891 345 2929 s.
368 2891 395 2928 v.
422 2865 559 2936 [Ιακᾶτος
583 2876 612 2928 et
634 2888 657 2929 s.
681 2888 709 2926 v.
734 2861 901 2950 Εἰρηναῖος,
935 2869 1040 2948 quibus
1068 2868 1142 2927 locis
1165 2871 1253 2927 etiam
1276 2869 1338 2926 eius
1359 2867 1468 2945 scripta

321 2983 478 3049 enumerat,
501 2973 599 3048 tradit,
623 2973 752 3032 Traiano
776 2982 805 3033 et
826 2973 981 3033 Hadriano
1004 2973 1230 3054 imperatoribus
1252 2974 1363 3032 vixisse
1384 2969 1466 3032 vide-

321 3077 407 3158 tum).
437 3078 607 3138 Notandum
630 3087 682 3154 est,
706 3078 783 3160 qnod
805 3079 928 3139 fortasse
950 3088 1054 3162 postea
1075 3082 1177 3139 iuvare
1199 3099 1252 3138 nos
1274 3084 1378 3156 potest,
1399 3095 1467 3136 eum

321 3196 354 3246 ut
377 3186 451 3244 alios
474 3184 580 3244 multos
601 3184 681 3244 illius
705 3188 810 3244 aetatis
839 3188 997 3244 atticistam
1028 3180 1154 3266 fnisse⁰)
1188 3191 1217 3244 et
1247 3191 1363 3264 praeter
1393 3180 1467 3240 alios

323 3290 414 3350 libros
437 3292 587 3370 scripsisse
610 3284 677 3372 περὶ
695 3282 840 3372 Ἀττικῆς
857 3285 1017 3372 συνηθείας
1033 3293 1086 3372 τῆς
1101 3287 1131 3350 ἐν
1155 3286 1231 3357 λέξει
1246 3281 1294 3348 καὶ
1311 3281 1467 3380 προσῳδίᾳ

324 3393 424 3479 βιβλία
444 3379 474 3476 η,
499 3389 640 3457 Ἀττικῶν
664 3391 818 3477 ὀνομάτων
843 3391 943 3480 βιβλία
959 3377 991 3478 η,
1014 3389 1081 3478 περὶ
1093 3389 1288 3476 Ἀττικιοροῦ
1307 3388 1419 3477 βιβλίον
1435 3411 1464 3451 α.

394 3571 420 3639 1)
439 3568 548 3636 Heracl.
570 3568 602 3621 ¹1
620 3583 648 3637 p.
670 3569 719 3623 186
738 3584 782 3623 no.
805 3571 864 3624 129.

391 3659 420 3729 2)
438 3657 552 3726 Usener,
581 3658 631 3712 liin
656 3657 726 3713 altes
745 3656 945 3727 Lehrgabauds
964 3657 1013 3714 der
1032 3657 1193 3727 Philologie.
1232 3653 1420 3724 Sitaungsber.
1438 3652 1465 3709 d.

319 3749 390 3805 bair.
411 3749 464 3806 Δία.
486 3752 554 3804 1892
573 3765 600 3818 p.
620 3752 671 3804 643
684 3765 721 3804 ss.

392 3843 420 3910 3)
440 3839 480 3894 cf.
500 3839 594 3908 Steph.
614 3839 679 3910 Byr.
702 3855 724 3896 s.
743 3856 767 3894 ν.
787 3837 875 3913 Τάρρα
901 3846 932 3896 st
957 3838 1142 3914 Θεσσαλονίκῃ
1170 3837 1286 3908 Prsllar,
1310 3834 1466 3892 Polemonis

321 3930 400 3999 hgin.
419 3947 446 4000 p.
460 3931 510 3997 623
529 3929 630 3996 Miller,
650 3926 791 3999 hlelanges
810 3947 837 4000 p.
851 3933 965 4000 341ss.;
986 3930 1107 3996 Orosius,
1127 3929 1255 3988 analecta
1273 3927 1302 3984 in
1315 3925 1466 3998 paroemio-

321 4021 442 4090 graphos
462 4020 509 4076 (ir.
529 4019 595 4089 Lps.
617 4023 685 4076 1883
704 4038 731 4090 p.
752 4023 785 4076 93
797 4037 818 4076 s.

361 4189 363 4194 Α
394 4114 423 4182 t)
442 4110 480 4166 M.
493 4111 669 4179 Warnkross,
683 4111 716 4166 de
729 4111 988 4182 Paroemiographis
1003 4111 1051 4166 Gr.
1064 4111 1157 4180 capita
1170 4109 1204 4164 ΙΙ.
1217 4107 1289 4164 Dias.
1303 4105 1466 4182 Gryphium,

321 4205 407 4260 1881:
434 4202 572 4257 sententia
591 4209 677 4256 contr.
698 4201 738 4271 11;
765 4208 793 4256 et
812 4199 845 4257 Ε.
865 4201 960 4266 Baths,
990 4201 1164 4269 quaestiones
1185 4197 1340 4256 Diodoreae
1360 4196 1466 4268 mytho-

318 4294 469 4365 graphicae
488 4312 514 4363 p.
535 4295 578 4359 91,
597 4291 644 4345 ubi
662 4291 867 4346 Wilamowitzii
887 4291 1152 4359 argumentationem
1173 4289 1312 4360 proponit.

391 4385 420 4455 5)
439 4385 480 4438 ci.
500 4383 608 4437 Wilam.
628 4381 646 4435 l.
666 4395 706 4452 c.;
725 4381 813 4436 Bethe
831 4381 849 4434 l.
869 4396 908 4450 c.;
928 4380 1030 4449 Haupt.
1050 4395 1144 4450 opusc.
1166 4380 1191 4436 li
1204 4383 1301 4436 434ss.

338 4487 341 4496 ’
390 4475 419 4548 6)
438 4471 634 4545 Reitzenstein,
653 4470 752 4530 Gesch.
771 4469 798 4529 d.
817 4485 859 4542 gr.
878 4467 965 4544 Etym.
984 4485 1011 4542 p.
1031 4473 1130 4529 388ss.
