3194 5200
654 433 693 492 15

188 609 256 676 sah.
286 608 325 672 ad
354 631 381 671 v.
404 609 449 670 IV
466 611 529 670 280
552 607 590 668 de
610 629 638 668 v.
663 604 795 692 κύρβειςε
827 608 863 668 Ιιι
885 609 938 668 FP
971 608 1045 668 haec
1075 605 1166 668 verba
1197 603 1248 665 cd-

101 715 225 779 duntur:
250 714 277 778 oi
302 712 334 778 δὲ
359 713 561 800 ἀκριβέστεροι
578 710 683 784 ἄξονας
698 709 749 774 καὶ
768 713 971 798 τετραγώνους
993 711 1106 793 λίθους,
1129 708 1249 797 κύρβεις

101 817 135 883 δέ
157 821 328 908 τριγώνους.
353 821 384 884 ἐν
408 819 589 905 ἀμφοτέροις
613 815 646 881 δὲ
663 819 749 904 νόμοι
771 817 847 902 ήσαν
870 818 1071 906 γεγραμμένοι
1092 815 1249 902 Ἀθήνῃσιν

99 929 149 1009 (cf.
170 928 268 988 Fiteh.
292 928 311 988 l.
335 948 358 988 o.
383 949 410 1008 p.
436 928 498 1008 73).
544 925 812 986 Grammaticorum
833 926 928 1003 locos,
962 930 1010 1007 qui
1041 925 1078 985 de
1099 924 1156 983 hac
1177 943 1250 983 voce

98 1043 233 1113 egerunt,
267 1034 386 1112 collegit
414 1041 444 1094 et
473 1033 666 1114 pertractavit
688 1032 836 1092 Prellerus
864 1036 896 1091 in
924 1033 1000 1092 libro
1023 1032 1060 1092 de
1081 1031 1249 1091 Polemonis

97 1143 265 1219 periegetae
286 1139 459 1218 fragmentis
481 1137 519 1217 (p.
545 1140 585 1197 87
598 1137 656 1217 ss).

185 1247 233 1307 De
252 1245 363 1324 scholio
378 1245 425 1304 IV
440 1247 503 1304 308
525 1252 603 1304 recte
625 1246 685 1303 iam
699 1244 832 1304 Fitchius
854 1242 1007 1319 iudicavit,
1031 1243 1141 1324 duplex
1163 1245 1245 1305 scho-

98 1351 188 1430 lium,
211 1351 289 1433 qnod
311 1355 343 1410 in
364 1351 442 1410 Flor.
466 1349 622 1426 habemus,
644 1353 676 1410 in
697 1351 785 1410 Laur.
808 1354 839 1409 in
861 1371 952 1410 unum
975 1371 1037 1411 esse
1060 1362 1251 1414 contractum..

97 1458 225 1519 Accedit
255 1457 294 1518 ad
316 1457 421 1518 scholii
442 1457 488 1517 st
521 1459 724 1518 auctoritatem
756 1456 1002 1532 confirmandam,
1037 1457 1115 1539 quod
1145 1459 1247 1519 eadem

97 1565 206 1640 verba,
239 1584 314 1646 quae
344 1567 376 1622 in
407 1563 500 1624 altera
530 1573 613 1644 parte
642 1563 745 1622 scholii
767 1563 846 1625 Flor.
875 1563 1027 1641 leguntur,
1061 1559 1120 1625 dud
1142 1557 1247 1626 Ἰονίου

98 1665 243 1753 ἀνδρὸς
257 1661 413 1753 Ἰλλυρίου,
436 1673 525 1728 etiam
547 1671 579 1728 in
594 1669 742 1727 simillimo
758 1669 869 1727 scholio
885 1668 923 1727 ad
939 1669 1025 1728 Pind.
1041 1669 1130 1750 Pyth.
1144 1670 1245 1730 11120

97 1783 217 1835 exstant
239 1770 284 1855 (τὸ
307 1773 392 1855 γένος
414 1766 559 1856 Ἰλλυρίοο
582 1776 613 1833 in
634 1774 661 1833 L
685 1781 714 1832 et
735 1773 838 1832 scholii
859 1773 938 1834 Flor.
961 1776 1057 1854 prima
1078 1775 1181 1856 parte).

186 1881 256 1941 Sch.
285 1879 331 1939 IV
347 1881 419 1940 425.
475 1875 574 1949 Νάξος
606 1879 681 1940 falso
713 1882 744 1938 in
774 1899 862 1939 versu
893 1879 1066 1940 Callimachi
1097 1884 1129 1940 in
1159 1882 1246 1941 Lacr.

95 1985 252 2064 scribitur;
275 1980 368 2069 Νάξῳ
391 1993 470 2046 recte
492 1987 524 2044 in
546 1985 614 2061 FP3
638 1993 724 2065 etym.
747 2005 811 2063 gen.
836 2013 877 2038 =
901 1993 937 2045 et.
961 2007 998 2045 m.
1023 1989 1095 2063 266,
1109 1990 1159 2046 47.

185 2090 250 2150 Sch.
266 2091 312 2151 IV
324 2094 395 2150 524.
429 2091 502 2150 Post
512 2077 641 2150 Ὕλλουε
664 2085 716 2149 καλ
728 2084 918 2172 Ἡρακλέους
933 2090 1110 2150 addiderunt
1125 2093 1183 2153 sch.
1198 2093 1245 2155 Fl.

95 2205 126 2257 et
149 2197 191 2272 P,
223 2217 298 2277 quae
325 2205 405 2258 recte
435 2216 467 2257 se
494 2196 603 2256 hahere
626 2189 848 2255 demonstratur*
863 2196 1059 2276 etymologico
1081 2218 1145 2276 gen.
1169 2220 1191 2258 s.
1215 2221 1244 2259 v.

91 2293 235 2384 Ὑλλήων
257 2302 303 2382 (cf.
327 2312 364 2362 et.
387 2323 425 2364 m.
451 2305 522 2378 776,
536 2301 604 2382 38),
626 2302 678 2362 ubi
700 2302 843 2361 scholium
866 2302 963 2382 Apoll.
987 2305 1164 2382 exscriptum
1187 2315 1245 2365 est:

91 2402 250 2489 Ὑλλήωντ
351 2408 522 2489 (afferuntur
544 2408 696 2489 Apollonii
719 2430 767 2468 vv.
785 2411 844 2468 521
868 2417 897 2468 et
914 2407 995 2488 524).
1020 2403 1081 2470 ἔστι
1103 2405 1137 2469 δὲ
1159 2405 1245 2481 ἔθνος

96 2508 244 2596 Κελτικῆς
256 2514 291 2594 (P)
311 2509 430 2584 Ὑλλεῐς
455 2508 513 2575 ἀπὸ
528 2503 643 2574 Ὕλλου
669 2510 815 2598 βασιλέως
839 2511 937 2575 αὐτῶν
962 2514 1002 2582 ὡς
1027 2511 1060 2573 οὐ
1084 2514 1160 2594 (lege
1179 2514 1244 2576 υἱοῦ

94 2617 145 2678 vel
168 2616 383 2701 ὠνομασμένου
406 2620 469 2699 τοῦ)
493 2615 627 2701 Μελίτης
658 2613 709 2680 καὶ
728 2609 925 2702 Ἡρακλέους.
978 2619 1091 2680 Eadem
1122 2641 1159 2680 ex
1182 2621 1242 2682 Oro

95 2724 262 2806 Stephanus
276 2725 347 2804 Bya.
362 2745 385 2786 s.
401 2746 429 2784 v.
446 2720 563 2794 Ὓλλεῖς
578 2727 724 2804 excerpsit
747 2723 796 2806 (cf.
814 2724 902 2784 schol.
918 2728 950 2783 in
966 2725 1065 2807 Apoll.
1081 2726 1127 2786 IV
1141 2727 1243 2806 1125).

184 2829 279 2890 Schol.
312 2832 343 2889 in
371 2852 397 2891 v.
421 2830 466 2891 IV
481 2833 541 2890 611
576 2839 742 2911 corruptum
773 2851 836 2890 esse
866 2851 951 2891 nemo
981 2851 1040 2891 non
1061 2829 1158 2907 videt;
1191 2833 1244 2892 sed

95 2956 273 3016 quamquam
304 2935 392 2995 schol.
415 2936 460 2995 Pl.
491 2945 521 2996 et
550 2937 584 2996 P.
616 2936 737 2996 meliora
767 2936 908 3016 praebere
937 2936 1076 2997 videntur
1105 2938 1155 3017 (cf.
1179 2937 1244 2998 Fit-

95 3038 215 3124 chium),
237 3049 336 3102 tamm
357 3041 446 3102 valde
467 3042 578 3119 dubito,
601 3063 671 3102 num
693 3063 793 3103 veram
817 3046 991 3123 scripturam
1013 3043 1155 3120 habeant,
1178 3065 1243 3104 cum

94 3149 170 3208 nihil
199 3148 242 3208 ihi
271 3148 399 3226 dicatur,
433 3152 503 3230 quin
532 3171 548 3210 e
578 3149 677 3210 verbis
707 3159 812 3231 poetae
843 3159 992 3232 assumpto
1022 3151 1132 3210 scholio
1155 3152 1242 3214 Laur.

95 3257 188 3335 repeti
209 3257 345 3335 potuerit.

74 3408 77 3415 .
183 3359 249 3422 Sch.
272 3361 318 3423 IV
335 3363 407 3422 825.
452 3361 602 3443 Antiquae
624 3363 750 3438 fabulae,
774 3383 848 3444 quae
870 3361 950 3443 apud
972 3371 1074 3444 poetas
1092 3361 1129 3423 de
1144 3363 1243 3444 Scylla

94 3475 125 3528 et
155 3465 308 3546 Charybdi
337 3467 545 3545 narrabantur,
575 3489 627 3549 pro
650 3472 819 3549 posterioris
841 3472 946 3529 aetatis
968 3469 1173 3530 incredulitate
1196 3471 1243 3529 hic

93 3573 278 3634 naturalibus
301 3574 474 3655 quibusdam
496 3575 584 3636 rebus
607 3575 800 3639 declarantur.
847 3577 884 3634 In
906 3577 996 3636 schol.
1014 3577 1103 3639 Laur.
1127 3576 1242 3637 dehac

94 3700 127 3740 re
150 3687 266 3761 praeter
287 3679 346 3739 alia
368 3681 442 3742 haec
465 3691 543 3742 sunt:
574 3681 658 3744 δοκεῖ
680 3678 713 3743 δὲ
736 3683 755 3765 ή
781 3679 898 3744 Σκύλλα
921 3678 1002 3767 παρά
1024 3682 1084 3753 τοῖς
1107 3685 1242 3767 ποιηταῖς

94 3782 176 3870 ἔχειν
199 3782 286 3855 κύνας
309 3783 464 3871 ἐξέχοντας
494 3783 552 3850 ἀπὸ
582 3791 641 3852 τῶν
669 3787 815 3873 πλευρῶν.
845 3789 952 3850 deinde
981 3793 1011 3848 in
1033 3791 1086 3848 FP
1109 3790 1240 3850 additur:

95 3886 222 3953 καὶτοῦ
245 3889 377 3974 στήθους
399 3889 450 3956 καὶ
473 3891 601 3978 ἀναιρεῖν
624 3891 692 3965 τοὺς
716 3895 753 3956 δι’
775 3893 867 3978 αὐτῆς
885 3893 1036 3971 πλέοντας,
1060 3891 1125 3956 ἐπεὶ
1139 3893 1242 3959 κάτω-

94 3996 149 4060 θεν
171 3996 205 4058 ἐκ
226 4001 286 4061 τῶν
309 3996 417 4062 κοίλων
442 4004 539 4084 μερῶν
563 4011 620 4063 τῶν
635 4005 761 4086 πετρῶν,
785 4000 834 4084 ἐφ’
850 4002 892 4063 ῶν
909 4000 1044 4084 μένουσιν
1062 3987 1124 4066 ἀνω
1141 4003 1241 4067 ἀνιόν-

93 4125 157 4184 τες,
191 4100 384 4168 θπονοοῦνται
412 4101 462 4168 καλ
493 4105 620 4191 ὁρῶνται
650 4108 691 4178 ὡς
713 4105 837 4178 ἐξιόντες
860 4103 895 4170 ἐκ
916 4109 969 4170 τοῦ
992 4107 1123 4192 στήθους
1146 4109 1240 4194 αὐτῆς

93 4207 212 4274 ἔσωθεν
242 4207 294 4274 καὶ
324 4215 383 4276 τῶν
415 4213 567 4299 πλευρῶν,
605 4233 680 4297 quae
712 4216 916 4298 interpolatori
949 4218 1001 4277 vix
1036 4218 1193 4278 attribuam
1205 4215 1238 4302 ¹).

96 4319 305 4332 -ῄ

167 4359 195 4430 1)
212 4357 345 4428 Eundem,
364 4375 443 4430 quem
456 4359 608 4418 scholiasta
624 4362 775 4434 Apollonii,
794 4363 940 4421 Sallustius
954 4366 982 4420 in
995 4365 1058 4422 hist.
1072 4365 1110 4421 IV
1128 4374 1238 4423 secutus

92 4465 166 4509 csso·
181 4447 303 4519 videtur,
332 4451 378 4522 qni
404 4451 482 4508 locos
510 4459 637 4510 senatur
664 4451 739 4526 apud
767 4453 842 4512 Serv.
870 4455 899 4512 in
925 4455 1007 4526 Verg.
1032 4457 1100 4513 Aen.
1127 4457 1240 4516 111420

93 4542 132 4614 (p.
151 4541 216 4614 41⁷)
234 4539 327 4614 (lagu.
346 4542 382 4598 66
391 4556 428 4599 ει.
446 4541 502 4612 Kr3
522 4545 554 4600 st
567 4559 603 4601 cs.
622 4543 669 4618 D).
