3194 5200
838 413 877 482 62

291 587 451 678 ἁρμοδίως.
478 591 620 655 Videmus
642 597 733 674 igitur
755 613 791 654 ex
814 593 1038 673 hoc.Apollonii
1054 592 1163 653 scholio
1180 591 1331 678 Thoonem
1347 593 1437 679 etiam

290 705 344 768 arti
368 703 487 760 criticae
510 721 627 780 operam
650 700 773 775 dedisse,
796 719 891 780 neque
913 718 983 760 vero
1004 708 1158 780 propterea
1173 721 1274 760 omnes
1290 721 1339 760 eos
1356 703 1438 762 locos

290 807 473 880 scholiorum,
505 807 611 886 quibus
642 805 679 866 de
710 809 800 867 variis
831 808 981 884 scripturis
1013 809 1110 884 agitur
1137 806 1251 867 Theoni
1280 791 1438 867 'vindicare

290 930 464 990 possumus,
487 931 552 969 cum
583 913 670 972 etiam
700 911 804 989 reliqui
834 913 1006 989 interpretes
1037 913 1068 970 in
1097 910 1152 969 hac
1183 921 1245 990 arte
1274 920 1439 988 versentur,

290 1015 424 1074 velutin
447 1015 507 1076 sch,
531 1016 649 1089 11127,
680 1015 731 1074 ubi
762 1016 875 1074 Irenaei
907 1017 1051 1094 scriptura
1082 1013 1294 1098 ἀμφανόωντες
1324 1037 1377 1096 pro
1400 1037 1436 1076 eo

292 1120 369 1200 quod
392 1141 467 1179 nunc
491 1121 614 1198 legimus
637 1117 926 1203 ἐπιπαμφαλόωντες
949 1141 967 1178 a
982 1120 1127 1200 Sophocle
1150 1121 1336 1180 vehementer
1358 1123 1435 1179 vitu-

272 1234 409 1305 peratur
439 1225 646 1306 refutaturque,
675 1227 724 1286 vel
746 1226 834 1285 schol.
858 1227 968 1284 11165
994 1225 1040 1304 (cf.
1066 1247 1142 1305 supr.
1166 1247 1194 1305 p.
1219 1226 1280 1305 37),
1303 1225 1353 1284 ubi
1376 1227 1438 1284 Lu-

293 1331 391 1390 cillum
414 1333 587 1410 scripturam
609 1328 693 1414 ἠρίον
715 1352 768 1410 pro
792 1352 823 1392 τε
847 1326 908 1412 ρίον
930 1331 1053 1410 probare
1076 1329 1239 1390 studentem
1253 1329 1440 1394 videbamus.

292 1437 401 1496 Contra
424 1437 533 1496 scholia
555 1437 607 1496 illa
630 1459 695 1496 cum
716 1436 841 1516 Didymi
864 1437 998 1495 doctrina
1030 1437 1215 1496 cohaerentia
1238 1436 1277 1516 (p.
1303 1439 1436 1516 53sqq.),

292 1561 366 1621 quoe
389 1561 404 1600 e
426 1541 522 1600 lexico
545 1541 643 1622 aliquo
666 1543 784 1602 fluxisse
807 1541 1002 1617 credebamus,
1031 1561 1134 1602 revera
1156 1542 1194 1601 ad
1218 1543 1368 1602 Thoonem
1391 1561 1436 1601 ro-

291 1647 357 1706 ferri
377 1667 447 1714 5non
477 1666 571 1726 posse,
601 1649 657 1707 hoc
675 1667 763 1717 ,nunc
793 1647 980 1708 confirmatur
1009 1647 1074 1707 coll.
1103 1647 1162 1707 sch.
1186 1647 1312 1708 Theocr.
1341 1647 1378 1706 de
1405 1669 1434 1708 v.

290 1747 389 1822 ἴουλος
412 1752 483 1831 (sch.
503 1753 548 1812 VI
561 1756 600 1812 42
624 1775 652 1833 p.
669 1757 739 1829 326,
751 1757 768 1812 9
781 1750 843 1834 so).
871 1753 1046 1833 Numquae
1069 1754 1116 1812 hic
1138 1753 1298 1814 secundnm
1313 1753 1435 1833 Apollo·

292 1860 395 1919 dorum
417 1857 601 1938 proferuntur
623 1857 777 1943 ‚aordo'tasp
801 1859 830 1921 ἐν
856 1856 909 1944 μὲν
933 1858 1053 1942 θρήνοις
1072 1855 1215 1942 Ἰάλεμος,
1239 1858 1269 1921 ἐν
1288 1855 1321 1920 δὲ
1336 1857 1436 1941 ὕμνοις
1474 1911 1481 1920 .

286 1953 414 2048 Ἴουλος,
440 1963 494 2046 ἀφ’
518 1965 560 2025 ὧν
583 1960 634 2035 τὰς
659 1957 740 2050 ᾠδὰς
764 1961 855 2034 αὐτὰς
878 1966 1026 2043 καλοῦσιν,
1052 1963 1129 2026 οὕτω
1149 1961 1274 2027 καὶτῶν
1294 1963 1436 2049 θεριστῶν

294 2065 360 2155 ᾠδὴ
386 2067 575 2153 Λυτιέρσας“,
600 2071 743 2130 scholium
765 2073 897 2132 Theonis
920 2081 971 2147 est,
1003 2093 1021 2130 a
1044 2092 1100 2151 quo
1122 2072 1209 2152 plane
1232 2071 1348 2132 diversa
1369 2080 1438 2130 sunt

294 2193 367 2255 quoe
389 2175 554 2254 eDidymo
577 2178 608 2233 in
627 2177 714 2235 schol.
729 2175 820 2256 Aphr.
844 2177 939 2236 1973
965 2176 1001 2236 de
1023 2176 1125 2236 eadem
1147 2196 1220 2236 voce
1242 2176 1438 2256 proferuntur,

293 2303 358 2340 cum
381 2281 471 2342 schol.
496 2281 540 2341 IV
561 2285 642 2340 1304
668 2280 789 2364 ἰήλεμον
814 2277 878 2344 ἀντὶ
900 2283 952 2342 τοῦ
976 2279 1094 2365 θρῆνον.
1120 2277 1234 2364 εἴρηται
1258 2277 1316 2343 ἀπὸ
1340 2279 1437 2343 ’λαλέ-

295 2408 351 2468 μου
366 2387 417 2446 τοῦ
434 2381 560 2468 Μούσης
578 2384 682 2456 παιδός
697 2395 816 2466 propter
830 2387 920 2446 schol.
933 2387 1056 2448 Theoor.
1073 2387 1294 2448 similitudinem
1305 2387 1437 2447 Theonis

293 2510 354 2550 esse
375 2499 479 2571 potest.

380 2597 455 2656 Eam
478 2605 575 2656 autem
598 2596 718 2657 classem
742 2597 924 2673 scholiorum,
948 2601 972 2657 si
995 2601 1111 2658 omnino
1131 2606 1209 2662 recte
1223 2598 1300 2658 hane
1315 2598 1437 2658 classem

292 2706 473 2778 secrevimus,
506 2721 580 2782 quae
610 2724 675 2762 cum
702 2704 805 2764 lexicis
826 2704 1030 2764 Atticistarum
1053 2705 1152 2785 aliquo
1174 2704 1261 2764 modo
1285 2707 1443 2764 coniuncta·

293 2829 355 2869 esse
376 2808 539 2884 videbatur,
567 2810 689 2869 *Irenaeo
712 2809 869 2870 attribuere
891 2813 943 2869 vix
965 2813 1003 2868 sit
1025 2813 1143 2872 maioris
1170 2809 1319 2885 audaciae,
1349 2829 1437 2890 quem

294 2917 391 2993 ipsum
413 2916 571 2972 atticistam
594 2914 681 2974 fuisse
703 2917 773 2974 satis
796 2918 901 2974 scimus
924 2915 971 2994 (cl.
993 2937 1021 2995 p.
1047 2917 1108 2993 32).
1159 2970 1161 2975 .
1226 2961 1228 2966 .

381 3019 519 3079 Ceterum
541 3041 599 3080 non
621 3020 713 3079 solum
736 3021 887 3080 Theonem
910 3029 939 3080 et
954 3021 1106 3080 Irenaeum
1122 3021 1174 3081 sed
1189 3026 1277 3083 etiam
1292 3021 1438 3082 Lucillum

293 3127 324 3184 in
346 3125 501 3184 verborum
523 3127 762 3206 interpretatione
788 3145 850 3186 esse
879 3135 1034 3202 versatum,
1066 3129 1090 3184 si
1122 3130 1239 3186 omnino
1271 3129 1437 3188 testimonio

295 3250 368 3311 opus
390 3237 441 3304 est,
465 3213 680 3289 demonstratur
702 3231 761 3290 sch.
785 3233 817 3288 in
838 3253 865 3294 ν.
886 3232 1002 3291 11083
1026 3225 1113 3292 ἁδινὰ
1135 3230 1334 3301 κνώσσοντας·
1359 3227 1439 3311 ἐφύ-

294 3335 400 3397 λαττον
426 3332 563 3418 μεγάλως
586 3331 637 3396 καὶ
660 3333 781 3419 βαθέως
805 3333 974 3406 ὑπνοῦντας.
999 3335 1015 3396 ὁ
1040 3333 1072 3397 δὲ
1088 3333 1235 3420 Tentata
1258 3332 1351 3398 λεπτὰ
1371 3359 1439 3410 noc-¹

296 3437 451 3524 μωμένους
473 3436 524 3501 καί
547 3437 581 3501 οὐ
605 3435 682 3502 κατὰ
706 3437 807 3524 βάθος.

330 3591 332 3596 ,
381 3548 530 3606 Tractatis
553 3550 611 3606 iam
632 3547 745 3624 glossis,
769 3565 843 3626 quae
859 3545 966 3606 crudae
982 3566 998 3606 e
1012 3546 1117 3607 lexicis
1131 3547 1180 3606 vel
1195 3546 1313 3606 aliunde
1327 3550 1438 3627 petitae

294 3674 356 3716 esse
386 3654 532 3730 videntur,
565 3671 695 3734 quaeque
725 3653 762 3711 ad
796 3641 970 3712 sententiam
992 3663 1097 3733 poetae
1118 3652 1365 3732 interpretandam
1387 3663 1440 3714 aut

293 3781 416 3842 parvum
440 3769 491 3820 aut
512 3760 585 3818 nihil
612 3759 775 3840 proliciunt,
808 3761 850 3818 ita
880 3767 913 3818 ut
942 3779 1150 3839 nonnunquam
1181 3761 1269 3818 etiam
1302 3779 1377 3839 quae
1407 3761 1439 3819 in

294 3867 390 3926 locum
413 3865 576 3946 Apollonii,
609 3865 644 3926 de
669 3885 724 3946 quo
747 3885 793 3926 res
815 3874 867 3940 est,
897 3867 1014 3924 omnino
1037 3885 1095 3924 non
1118 3864 1224 3924 cadant
1246 3865 1364 3924 scholiis
1387 3864 1439 3924 ad·

294 3975 358 4035 dita
380 3979 447 4051 sint,
478 3979 564 4035 venio
586 3991 664 4035 nunc
686 3974 725 4034 ad
747 3995 797 4035 eos
819 3975 899 4034 locos
921 3974 1105 4049 scholiorum,
1138 3973 1244 4054 quibus
1275 3975 1369 4050 magis
1399 3973 1439 4032 ad

294 4100 378 4142 usum
402 4084 633 4162 sententiamque
655 4084 747 4161 ipsius
769 4087 874 4161 poetae
896 4087 1052 4160 spectatur.

381 4188 512 4246 Primum
542 4190 632 4266 igitur
662 4189 733 4247 satis
764 4206 902 4264 magnum
934 4193 1084 4244 numerum
1116 4171 1290 4244 scholiorum
1320 4181 1440 4262 dignos·

295 4311 359 4355 cere
389 4313 557 4374 possumus,
592 4313 666 4375 quae
698 4295 768 4352 item
803 4291 841 4350 od
871 4290 988 4350 lexicon
1019 4289 1092 4350 illud
1125 4291 1314 4350 Homericum
1345 4288 1440 4350 redire

297 4400 450 4475 videntur,
479 4403 536 4460 nisi
569 4399 661 4480 quod,
693 4398 745 4458 ubi
776 4400 806 4456 in
838 4397 932 4457 lexico
964 4396 1015 4455 illo
1047 4397 1210 4478 complures
1239 4401 1327 4458 unius
1357 4399 1440 4456 vocis

294 4506 475 4587 significatus
497 4513 710 4580 enumerantur,
732 4507 763 4564 in
785 4502 900 4564 scholio
915 4501 1115 4584 Apolloniano
1139 4501 1311 4566 addito'vdr
1336 4498 1369 4564 δέ
1391 4503 1441 4566 vel
