3194 5200
706 383 744 444 119

149 560 265 622 sacculo
284 581 386 642 corpus
404 557 587 637 scholiorum,
610 557 687 642 quod
704 579 756 620 nos
771 557 920 639 habemus,
942 561 1073 642 confecit,
1095 561 1156 626 hoc
1167 561 1299 646 dignosci

153 689 213 728 non
233 688 319 748 posse
341 666 464 727 videtur.
1085 687 1087 690 ·

240 776 277 834 Iu
300 777 402 836 ceteris
424 774 544 832 scholiis
566 781 599 833 ut
621 773 704 832 firmo
729 773 915 835 fundamento
938 779 1073 852 nitamur,
1096 779 1132 838 ab
1156 781 1198 838 eis
1216 779 1299 855 locis,

150 881 202 940 ubi
224 884 290 961 ipsa
312 883 431 938 nomina
453 882 643 958 interpretum
668 880 851 960 appellantur
873 881 1115 962 proficiscendum
1138 892 1188 944 est.
1234 883 1299 942 Iam

150 986 279 1046 vidimus
302 990 332 1046 in
356 986 444 1045 schol.
469 986 581 1044 11299
610 985 696 1044 dev.
719 985 829 1067 λαῖτμα
859 991 1030 1048 sententiam
1054 989 1155 1062 Sileni,
1186 989 1297 1068 glosso-

150 1093 256 1172 graphi
280 1095 401 1172 antiqui,
433 1091 470 1150 ab
492 1091 656 1150 Irenaeo
682 1092 821 1171 proferri:
854 1089 979 1174 Σιληνὸς
997 1142 1004 1156 .
1020 1140 1025 1152 .
1041 1141 1047 1153 .
1064 1089 1115 1154 καὶ
1141 1089 1298 1177 Εἰρηναῖος

152 1198 390 1273 ἀποδεδώκασιν,
412 1219 480 1256 nam
497 1199 538 1256 sic
554 1199 724 1276 saepissime
740 1201 769 1256 in
786 1198 904 1257 scholiis
919 1199 1080 1280 lexicisque
1095 1203 1299 1261 coniunctione

151 1305 203 1363 illa
219 1301 272 1367 καί
289 1312 411 1362 utuntur
421 1298 451 1382 ¹).
481 1303 585 1382 Neque
601 1305 692 1380 igitur
708 1303 847 1362 audacius
863 1304 1070 1364 concludamus
1085 1309 1173 1364 etiarn
1190 1314 1299 1366 ceteros

151 1409 429 1492 glossographorum
461 1411 646 1487 antiquorum
675 1409 755 1468 locos
783 1418 903 1489 propter
932 1431 1070 1488 magnam
1092 1411 1195 1470 horum
1216 1411 1299 1470 scho-

152 1515 259 1573 liorum
282 1513 502 1574 similitudinem
526 1513 564 1571 ab
588 1513 688 1572 eodem
711 1517 909 1590 grammatico,
941 1519 960 1577 i.
985 1535 1008 1574 e.
1032 1517 1069 1576 ab
1092 1518 1214 1576 Irenaeo
1237 1537 1300 1576 esse

154 1617 323 1700 exscriptos.
385 1619 443 1679 Sed
482 1619 606 1693 dicenti,
651 1641 709 1678 non
746 1613 810 1680 esse¹
845 1624 906 1680 veri
943 1621 1037 1681 simile
1071 1623 1223 1682 Irenaeum
1261 1622 1300 1682 ad

153 1725 380 1804 glossographus
413 1733 473 1783 tarn
506 1727 643 1804 antiquos
676 1725 855 1802 confugisse,
893 1725 970 1786 idern
1004 1727 1082 1806 quod
1116 1731 1175 1786 iarn
1210 1748 1299 1808 supra

153 1830 344 1911 respondebo,
372 1851 410 1890 ne
432 1831 584 1889 Thoonem
607 1829 725 1910 quidem
747 1831 803 1890 hoc
824 1831 929 1890 fecisse
952 1831 1089 1892 credibile
1119 1853 1197 1893 esse:
1226 1833 1299 1892 talia

152 1941 250 2018 potius
272 1957 288 1996 e
312 1938 407 1996 lexico
431 1936 530 2016 aliquo
554 1939 646 2015 petita
674 1947 748 1996 sunt.
794 1937 895 2018 Atque
924 1942 1016 2000 eritne
1043 1939 1182 1999 audacius
1211 1944 1299 2000 etiam

151 2044 199 2102 hic
213 2043 250 2102 de
266 2043 415 2122 Pamphili
432 2061 519 2122 opere
536 2044 690 2118 cogitare?
725 2043 818 2118 Quem
834 2043 952 2122 quidem
975 2046 1201 2126 glossographos
1224 2051 1299 2106 anti-

154 2170 227 2229 quos
250 2148 472 2226 diligentissime
496 2150 675 2226 excerpsisse
698 2168 750 2227 per
772 2147 965 2224 Athenaeum,
994 2154 1044 2229 qui
1075 2171 1141 2210 eum
1168 2155 1300 2232 sequitur

152 2265 182 2314 et
212 2254 328 2315 eosdem
359 2276 432 2335 quos
462 2254 621 2312 scholiasta
642 2253 795 2333 Apollonii
824 2255 1049 2335 glossographus
1072 2259 1188 2336 saepius
1208 2259 1300 2334 affert,

152 2365 225 2420 satis
248 2364 360 2420 scimus.
406 2360 490 2434 Quae
513 2360 629 2431 Irenaei
659 2358 859 2418 additamenta
889 2368 992 2440 postea
1015 2360 1182 2440 Sophocles,
1215 2383 1321 2442 quern.

151 2470 211 2524 ianr
235 2469 351 2545 saepius
365 2465 480 2524 Irenaei
503 2467 719 2522 commentariis
741 2473 870 2524 utentem
885 2465 1012 2524 vidimus
1027 2467 1074 2544 (cf.
1091 2488 1178 2547 supra
1193 2491 1220 2548 p.
1236 2471 1298 2544 32),

152 2573 305 2651 exscripsit
326 2579 355 2630 et
377 2573 408 2628 in
431 2591 514 2628 suurn
538 2573 776 2627 commentarium
799 2570 954 2628 transtulit.
1001 2567 1102 2630 Etiam
1132 2575 1237 2631 certior
1267 2573 1300 2632 fit

154 2677 226 2736 haec
261 2679 358 2756 opinio
392 2697 443 2750 eo,
478 2673 555 2755 quod
588 2675 736 2733 nonnullis
767 2675 840 2734 locis
871 2679 896 2734 ei
930 2678 1177 2756 interpretationi,
1211 2699 1299 2758 quam

154 2783 275 2842 Irenaeo
300 2781 493 2855 attribuimus,
516 2781 575 2838 alia
598 2783 733 2860 opposita
748 2789 799 2839 est.
830 2780 879 2840 Sic
894 2783 925 2838 in
940 2781 1030 2840 schol.
1045 2781 1088 2840 IV
1099 2785 1159 2843 989
1176 2779 1299 2866 (στάχυν

153 2883 288 2969 ὄμπνιον)
312 2887 402 2945 allata
424 2887 621 2965 explicatione
643 2885 919 2966 glossographorum
942 2890 1088 2966 pergitur:
1120 2884 1239 2971 ἄμεινον
1267 2883 1300 2948 δὲ

154 2988 312 3075 φερέσβιον
334 2989 434 3066 εἰπεῖν,
461 2985 549 3052 οἱονεὶ
573 2985 699 3081 ἔμπνοόν
723 3013 787 3052 τινα
811 2987 880 3052 ’όντοι
903 2985 952 3052 καὶ
977 2987 1108 3072 ὄμπνιον,
1131 2997 1150 3054 i.
1167 3015 1189 3054 e.
1213 2997 1300 3054 inter-

65 3155 68 3162 ,
152 3101 278 3176 pretatio
302 3097 339 3156 ad
361 3101 442 3156 vocis
465 3097 658 3175 veriloquium
683 3105 827 3176 spectans.
855 3096 1026 3177 Eodemque
1048 3099 1133 3158 modo
1157 3103 1188 3159 in
1211 3103 1299 3162 schol.

152 3203 265 3261 11299
290 3201 423 3283 (λαῖτμα)
454 3211 522 3260 ante
551 3202 661 3260 irenaei
694 3201 918 3282 explicationem
949 3203 1041 3262 altera
1071 3207 1140 3263 item
1170 3226 1207 3264 ex
1237 3215 1299 3287 ety-

152 3307 279 3385 mologia
301 3311 395 3387 petita
417 3318 522 3372 exstat.
561 3285 597 3369 In
616 3309 675 3368 sch.
691 3308 736 3368 IV
752 3309 812 3366 972
830 3306 943 3390 (χαῖον)
960 3308 1097 3368 Ameriae
1110 3311 1298 3390 explicationi

153 3413 247 3472 altera
270 3417 427 3491 opponitur
449 3434 465 3473 e
481 3413 662 3474 Callimacho
684 3422 714 3474 et
731 3413 874 3472 Alcmene
888 3413 1028 3493 probata3
1050 3417 1080 3474 in
1097 3415 1154 3474 sch.
1171 3417 1298 3476 111172

152 3516 256 3596 (στῖαι)
277 3525 391 3597 praeter
407 3519 611 3599 Sicyoniorum
636 3541 719 3580 usum
743 3519 834 3578 altera
857 3519 1013 3599 explicatio
1030 3519 1201 3580 Callimachi
1218 3526 1299 3583 testi-

151 3626 252 3682 monio
283 3623 451 3683 confirmata
483 3635 580 3685 exstat
609 3625 643 3706 (ἢ
669 3623 747 3686 στῖαι
770 3623 800 3685 αἱ
824 3627 922 3706 ψῆφοι
945 3622 976 3685 αἱ
998 3620 1178 3707 ποτάμιοι..
1200 3626 1227 3704 );
1262 3628 1297 3689 cf.

152 3727 242 3786 schol.
266 3729 375 3788 11382
400 3728 487 3810 λισσὴ
513 3725 575 3792 ἀντὶ
597 3731 648 3790 τοῦ
673 3727 782 3811 ὁμαλή.
816 3723 957 3810 Ἀμερίας
981 3723 1013 3788 δὲ
1027 3775 1033 3788 .
1049 3775 1055 3788 .
1069 3755 1092 3805 .;
1116 3729 1174 3788 sch.
1190 3730 1297 3790 11192

153 3830 311 3916 λευκανίην
335 3832 363 3894 οἱ
386 3829 439 3920 μὲν
454 3883 460 3896 .
478 3884 483 3896 .
503 3832 665 3920 ,Ἀμερίας
690 3831 743 3896 δὲ.
759 3883 787 3896 ..

242 3941 346 4020 Itaque
369 3962 436 4000 cum
458 3945 490 4000 in
513 3943 571 4003 sch.
590 3943 635 4003 IV
650 3945 710 4003 989
736 3949 765 4004 et
787 3941 845 4000 sch.
867 3943 883 4000 I
902 3944 982 4001 1299
1007 3940 1166 4002 viderimus
1189 3943 1301 4024 Sopho-

153 4046 229 4106 clem
264 4047 451 4128 explicationi
484 4049 639 4110 verborum
672 4072 689 4108 a
722 4049 942 4129 glossographis
971 4052 1081 4129 petitae
1112 4050 1231 4110 alteram
1262 4051 1300 4112 ad

228 4299 254 4366 1)
273 4297 313 4352 Cf.
333 4314 357 4352 e.
376 4315 402 4368 g.
422 4299 479 4354 soh.
499 4299 594 4354 11134
617 4299 707 4358 ...ὡς
727 4297 835 4358 Εὔπολις
854 4300 879 4352 ἐν
898 4297 1012 4359 Βοίπτοιις
1038 4300 1096 4352 καὶ
1122 4297 1232 4371 Δίδυμος
1257 4301 1301 4356 vel

155 4387 240 4443 schol.
260 4388 333 4444 1551
352 4387 496 4462 Ἀρμενίδας
525 4390 551 4443 δὲ
576 4391 601 4443 ἐν
628 4399 679 4449 τοῖς
700 4388 962 4462 Θηβαϊαοῖς,..καὶ
980 4388 1135 4464 Ἀλέξανδρος
1154 4392 1179 4446 ἐν
1205 4391 1222 4445 οῖ
1246 4389 1298 4446 Κο-

154 4479 237 4552 ρίννης
255 4479 455 4554 ὑπομνημάτων.
