3194 5200
713 417 753 480 67

152 595 322 682 φυόμενον,
351 597 467 680 πρῶτον
492 589 543 677 μὲν
569 591 612 654 ότι
637 589 786 675 ἀπόλεμον
810 588 897 654 αὐτόν
925 587 1035 668 ἐκάλει,
1066 587 1168 654 ἔπειτα
1191 585 1235 652 ότι
1257 583 1306 652 καί

165 706 311 786 γυναικῶν
337 701 433 785 μόνων
456 701 475 783 ἡ
502 697 594 774 πόλις,
619 694 650 760 αἳ
674 694 801 781 μάλιστα
823 697 883 768 τοῖς
911 696 1053 768 τοιούτοις
1083 695 1230 782 χαίρουσι.
1258 689 1327 757 καὶ·

161 807 339 893 γΜένανδρος
366 804 642 890 ,εὐκαταφρόνητος
665 811 702 888 τῇ
725 804 816 888 στολῇ
837 799 943 887 εἴσειμι
965 801 1016 866 καὶ
1036 803 1118 865 ταῦτ’
1142 801 1183 873 εἰς
1203 800 1308 882 γυναῖ-

166 921 257 992 κας“;
282 915 369 976 schol.
392 915 502 989 1732,
526 915 603 988 7373
629 913 706 986 7543
734 914 793 970 761
820 911 858 991 (ρ.
877 911 1102 992 346‚17sqq.);
1126 908 1309 969 soh.1789:

168 1023 248 1093 rom
273 1023 351 1097 eor,
376 1024 454 1095 8113
477 1021 556 1094 8133
580 1021 659 1095 8203
683 1019 762 1094 aar,
793 1019 871 1094 εει,
905 1019 983 1092 οοτ;
1018 1018 1099 1092 8693
1132 1017 1211 1089 τινος
1244 1012 1306 1072 ουτ
1344 1015 1346 1021 ⁴
1408 1044 1412 1048 -

167 1128 221 1207 (=
243 1127 303 1187 soh.
326 1125 460 1204 1248);·
480 1133 510 1184 et
536 1125 679 1204 permulta
701 1123 809 1182 similia
837 1142 890 1205 per
911 1131 1005 1183 totum
1028 1140 1145 1182 carmen
1167 1118 1308 1200 dispersa.

166 1231 288 1292 Praeter
316 1230 375 1289 alia
405 1228 496 1307 digna
526 1237 601 1304 sunt,
631 1247 706 1308 quae
735 1237 880 1303 notentur,
909 1229 968 1289 soh.
998 1228 1088 1288 1865
1121 1226 1158 1287 de
1179 1223 1308 1284 Hercule

169 1339 356 1419 Argonautas
372 1336 558 1414 obiurgante,
581 1334 661 1415 quod
683 1343 743 1394 tam
765 1334 817 1394 diu
839 1334 918 1417 apud
932 1336 1069 1396 Lemnias
1090 1333 1226 1393 mulieres
1247 1351 1308 1390 mo-

166 1447 224 1502 rati
253 1446 320 1518 sint,
349 1451 489 1525 τεχνικῶς
521 1436 554 1502 δὲ
582 1437 633 1502 καί
662 1444 788 1512 συνετῶς
819 1439 876 1526 οῦχ
905 1439 957 1504 ἕνα
986 1435 1050 1504 τινὰ
1079 1437 1209 1523 λοιδορεῖ
1232 1431 1309 1500 ἀλλὰ

167 1545 234 1619 τοὺς
267 1544 393 1624 πάντας,
429 1543 480 1608 καὶ
512 1544 546 1608 ού
575 1538 691 1630 πρῶτον
723 1544 776 1628 τὴν
808 1544 953 1630 ἀκρασίαν
984 1543 1136 1621 ὀνειδίζει,
1174 1540 1241 1628 πρὶν
1271 1538 1309 1604 τὰ

168 1643 357 1738 συμφέροντα
387 1653 522 1736 δηλώσῃ.
554 1647 635 1734 παρὰ
666 1647 698 1712 δὲ
728 1652 787 1722 τοῖς
818 1652 952 1736 φυσικοῖς
977 1648 1170 1736 όἭρακλῆς
1195 1647 1309 1719 σύνεσις

167 1756 217 1820 καί
244 1757 321 1841 ἀλκὴ
352 1755 550 1842 λαρβάνεται;
586 1767 615 1818 ct
638 1757 732 1817 simile
754 1759 844 1818 schol.
868 1760 982 1818 Ι1141
1009 1759 1046 1820 de
1067 1759 1168 1819 Rheae
1189 1765 1308 1816 natura:

167 1861 218 1926 διὰ
240 1862 344 1927 τούτου
368 1859 454 1925 οὐδὲν
477 1861 576 1946 ἕτερον
600 1862 616 1922 ό
639 1861 763 1946 ποιητής
788 1885 878 1948 φησιν
901 1866 921 1947 ἢ
945 1862 998 1946 τὴν
1021 1867 1073 1948 τῆς
1105 1861 1178 1924 θεοῦ
1210 1857 1306 1946 φύσιν.

167 1966 219 2032 καί
241 1964 297 2053 γόιρ
320 1969 380 2040 τοῖς
405 1968 549 2052 φυσικοῖς,
575 1966 659 2052 φησί,
684 1969 766 2032 δοκεῖ
787 1967 840 2052 τὴν
863 1966 955 2053 αὐτὴν
979 1965 1053 2033 εἶναι
1077 1971 1115 2053 τῇ
1137 1969 1184 2052 γῇ.
1213 1965 1308 2028 Schol.

167 2077 262 2136 1554
295 2073 417 2144 εἰκότως
449 2071 483 2134 δὲ
514 2073 745 2156 παρεισήνεγκεν
777 2073 876 2136 εἰκόνα
906 2077 957 2136 τοῦ
981 2072 1150 2158 Χείρωνος,
1183 2068 1234 2134 καί
1266 2070 1310 2132 ότι

168 2177 390 2264 φιλάνθρωπος,
422 2179 606 2249 δικαιότατος
630 2177 662 2240 δὲ
686 2174 875 2263 Κενταύρων,
907 2177 958 2242 καὶ
987 2181 1038 2243 διὰ
1066 2177 1120 2263 τὴν
1143 2177 1310 2260 οἰκειότητα

167 2284 220 2369 τὴν
244 2285 284 2356 εἰς
308 2282 356 2348 τὸν
379 2281 504 2348 Ἰάσονα.
527 2286 596 2370 παρ’
620 2283 712 2349 αὐτοῦ
735 2281 792 2370 γὰρ
816 2282 913 2368 ἔμαθε
934 2283 986 2368 τὴν
1007 2285 1148 2370 ἰατρικήν.
1173 2283 1244 2347 ὅθεν
1258 2280 1308 2346 καί

165 2385 275 2454 Ἰάσων
298 2390 415 2475 ἐκλήθη
439 2388 520 2476 παρὰ
542 2389 593 2475 τὴν
617 2389 706 2470 ἴασιν,
731 2414 817 2473 quam
834 2401 947 2472 partem
963 2393 1065 2453 scholii
1080 2413 1140 2452 non
1155 2390 1309 2451 abeodem

120 2503 123 2510 '
167 2507 285 2558 auctore
313 2521 331 2557 a
363 2520 418 2579 quo
448 2502 578 2574 initium,
610 2499 660 2558 ubi
691 2497 729 2558 de
759 2479 896 2558 Chironis
925 2508 990 2560 ortu
1021 2499 1106 2560 docte
1135 2497 1308 2578 disputetur,

167 2607 323 2685 ascriptam
354 2621 417 2663 esse
446 2613 574 2684 apparet.
621 2603 735 2678 Quibus
758 2607 928 2683 praesertim
950 2606 1068 2664 scholiis
1091 2607 1228 2686 spectatis
1250 2623 1309 2662 non

167 2709 269 2769 dubito
307 2709 402 2768 eidem
437 2712 589 2789 interpreti
624 2712 712 2768 etiam
746 2709 900 2770 nonnullos
934 2711 1008 2770 alios
1040 2711 1120 2770 locos
1151 2709 1312 2783 vindicare,

161 2835 343 2895 ,quamquam
365 2833 423 2873 non
445 2823 506 2874 tam
527 2823 645 2894 propter
667 2822 758 2874 artem
780 2815 954 2875 rhetoricam
970 2837 1057 2896 quam
1071 2823 1191 2896 propter
1206 2818 1308 2893 cogni-

166 2923 274 2980 tionem
296 2940 407 2979 morum
434 2939 588 3000 rerumque
618 2939 765 2980 sacrarum
796 2927 883 3000 poeta
912 2920 1061 2980 laudatur:
1095 2920 1192 2980 Schol.
1215 2920 1307 2980 1407

167 3024 290 3095 είκότως
319 3021 368 3086 ἐπὶ
400 3021 467 3086 δυσί
495 3009 717 3108 προσηγορίαις,
750 3019 860 3087 Ἀκτίου
885 3021 1051 3110 Ἐμβασίου
1080 3047 1122 3108 τε,
1155 3021 1209 3086 δύο
1240 3025 1308 3108 βοῦς

168 3127 298 3211 ἄγουσιν.
322 3130 388 3190 Sch.
404 3132 513 3191 1408:
538 3125 604 3192 ἐπεὶ
624 3125 697 3200 ἴσως
722 3126 768 3192 ἀεὶ
791 3128 855 3201 νέος
879 3130 895 3192 ύ
918 3130 998 3208 θεός,
1021 3128 1070 3194 καὶ
1095 3131 1121 3193 οἱ
1145 3135 1203 3193 τῶν
1226 3127 1309 3194 ἑταί-

168 3257 227 3318 ρων
250 3235 390 3318 νειύτεροι
412 3231 464 3315 τὴν
491 3233 597 3297 θυσίαν
619 3235 801 3297 ἐπιτελοῦσιν
823 3259 849 3297 κ.
863 3259 886 3298 τ.
904 3238 928 3298 λ.
954 3238 1088 3318 (Homeri
1103 3241 1309 3311 testimonium,

167 3362 193 3399 v.
219 3342 330 3417 Atto,
353 3341 493 3421 affertur).
527 3343 563 3401 In
586 3344 704 3402 scholiis
725 3343 763 3402 ad
785 3364 813 3403 v.
837 3345 927 3404 1496
952 3353 981 3404 et
1005 3348 1067 3406 498
1092 3344 1236 3426 quomodo
1259 3364 1308 3404 ex·

166 3447 294 3529 plicandi
317 3451 400 3523 ratio,
423 3468 482 3528 qua
503 3448 552 3508 hic
573 3451 716 3530 interpres
739 3453 839 3525 utitur,
862 3451 899 3509 ab
922 3451 1041 3511 alterius
1064 3451 1178 3510 differat
1201 3454 1308 3531 optime

165 3552 313 3614 videmus:
344 3575 411 3612 nam
443 3575 508 3614 oum
541 3555 614 3614 alter
644 3553 754 3635 Orphei
787 3564 905 3616 cantum
934 3567 968 3616 ut
999 3565 1099 3638 aptum
1129 3556 1308 3636 temporibus

165 3658 273 3735 laudet,
304 3659 377 3719 alter
404 3659 442 3718 ed
469 3681 496 3718 v.
521 3663 583 3719 498
616 3660 652 3720 de
682 3661 782 3720 mundi
812 3665 963 3742 principiis
993 3683 1129 3740 magnam
1158 3663 1308 3723 doctrinae

165 3765 271 3825 molem
303 3768 477 3825 testimoniis
510 3765 712 3845 Empedoclis,
746 3768 895 3842 Thaletis,
929 3770 1069 3844 Zenonis,
1102 3768 1307 3846 Anaxagorae,

165 3870 320 3951 Euripidis
343 3870 440 3930 allatis
463 3873 609 3947 congessit
631 3878 660 3929 et
683 3869 719 3930 de
742 3880 867 3946 auctore,
892 3892 975 3952 quem
991 3873 1171 3953 Apollonius
1193 3882 1309 3933 secutus

166 3978 211 4046 sit,
234 3975 325 4036 verba
339 3976 417 4035 facit.
448 3975 542 4034 Schol.
557 3976 573 4034 I
587 3977 646 4034 526
664 3973 799 4043 πιθανῶς
816 3973 850 4034 ἐκ
865 3980 917 4057 τῆς
935 3976 1113 4048 Δωδωνίδος
1130 3975 1205 4061 φησὶ
1220 3974 1307 4061 δρυὸς

122 4141 124 4148 ,
166 4077 198 4140 τύ
222 4079 305 4148 ξύλον
329 4076 403 4142 εἶναι
425 4078 455 4140 ἐν
479 4082 516 4162 τῇ
537 4074 687 4163 Ἀργοῖτὸ
711 4084 831 4163 φωνῆεν
853 4102 881 4141 κ.
896 4073 963 4143 τ.’λ.
989 4084 1119 4160 (affertur
1134 4085 1255 4143 Homeri
1279 4106 1306 4144 v.

167 4186 280 4264 5327).
324 4185 465 4247 Eiusdem
496 4187 621 4246 auctoris
651 4194 693 4245 est
723 4185 810 4245 schol.
829 4191 869 4245 'in
891 4209 919 4246 v.
942 4187 1030 4246 1517
1055 4189 1090 4248 de
1113 4211 1166 4248 usu
1189 4191 1307 4268 linguas

165 4292 324 4350 hostiarum
339 4292 483 4352 Mercurio
499 4291 697 4352 sacrificandi:
721 4290 764 4352 ότι
788 4287 858 4360 ἔθος
881 4289 917 4374 ἦν
941 4291 1000 4362 τοῖς
1020 4293 1157 4363 παλαιοῖς
1173 4299 1307 4376 κρατῆρα

165 4399 273 4479 κιρνῦιν,
298 4394 346 4458 ὅτε
371 4394 503 4476 μέλλοιεν
527 4395 694 4473 καθεύδειν,
717 4392 841 4468 καὶτὰς
865 4398 1002 4478 γλώσσας
1025 4403 1084 4460 τῶν
1109 4398 1222 4482 ἱερείων
1240 4399 1306 4461 ἐπι-

166 4500 247 4563 θύειν
270 4506 313 4584 τῷ
332 4492 433 4584 Ἑρμῇ
455 4497 506 4562 καί
529 4500 713 4564 ἐπισπένδειν
735 4497 822 4563 οἶνον.
847 4504 898 4565 καὶ
912 4498 984 4572 ἴσως
1002 4507 1144 4584 φυσικῶς.
1169 4501 1234 4565 ἐπεὶ
1249 4501 1305 4589 γὰρ

1055 4609 1098 4671 5*
