3194 5200
707 375 746 439 tt

245 551 378 634 Itemque
408 550 485 614 inter
517 570 548 614 se
578 547 728 632 iungenda
759 557 827 612 sunt
857 557 977 634 propter
1009 552 1165 634 scriptores
1198 551 1304 614 allatos

158 657 230 720 haec
252 660 377 720 scholia:
408 660 466 719 sch.
490 659 597 719 11127
621 649 704 720 πολλ’
729 656 1033 742 ἐπιπαμφαλόωντεςε
1065 654 1162 720 πολλά
1185 656 1305 742 ἐπιβλέ-

158 786 261 835 ποντες
284 761 333 826 καὶ
359 772 421 847 μετ’
451 763 680 847 ἐνθουσιασμοῦ.
711 765 876 848 παμραλᾶν
907 760 963 847 γάρ
992 760 1026 824 τό
1057 759 1131 846 μετά
1159 763 1306 846 κινήσεως

161 869 337 956 ἐπιβλέπειν.
374 869 518 955 κέχρηται
549 866 581 932 δέ
611 874 648 953 τη
680 867 756 938 λε’ξει
787 866 836 932 καὶ
864 866 1013 938 Ἱππῶναξ
1044 866 1094 931 καὶ
1123 861 1305 951 Ἀνακρέων.

161 975 243 1059 λέγει
266 973 300 1038 δέ
321 973 371 1038 καὶ
388 974 523 1060 Ἐρόκιος
541 974 688 1052 ,πάντοσε
711 975 960 1060 παμραλόωντες
974 975 1129 1058 ὃινήσαντο
1153 974 1305 1038 attractu

162 1080 359 1166 παραιτητέον
388 1078 421 1143 δέ
445 1079 604 1166 Εἰρηναῖον
627 1081 841 1166 άμφανόιυντες
864 1078 1018 1165 γράφοντα
1041 1078 1091 1142 καὶ
1111 1079 1307 1164 ἐξηγούμενον

160 1185 330 1257 κτείνοντες.
356 1183 423 1248 οὔτε
447 1183 503 1271 γάρ
525 1184 671 1271 κέχρηταί
693 1209 735 1257 τις
759 1185 837 1248 οὕτω
860 1194 897 1270 τῇ
920 1185 997 1256 λέξει
1020 1183 1087 1248 οὔτε
1110 1183 1188 1248 ἐστὶν
1211 1186 1306 1255 ἁπαξ-

161 1293 266 1364 απλῶς
289 1296 341 1354 τοῦ
365 1296 497 1376 ποιητοῦ.
545 1295 611 1354 Sch.
634 1295 683 1353 ΙΙΙ
703 1298 761 1353 106
786 1293 823 1353 de
846 1315 918 1354 voce
942 1293 1058 1376 βαδινός
1080 1295 1132 1353 ubi
1154 1293 1307 1353 Anacreon

158 1401 268 1480 Ibycus
290 1399 472 1460 Stesichorus
495 1409 762 1460 commemorantur.
808 1401 875 1462 Sch.
900 1401 945 1460 IV
963 1404 1043 1460 1348
1069 1397 1223 1482 στέρφεσιε
1245 1400 1306 1468 τοῖς

159 1503 311 1588 δέρμασιν.
346 1501 431 1566 ἐνλλεν
461 1501 511 1566 καὶ
541 1509 721 1588 στερρῶσαι.
759 1493 882 1587 Ἴβυκος
906 1501 939 1566 δὲ
962 1509 1160 1588 στερφωτῆρα
1184 1500 1305 1588 στρατόν

160 1602 260 1692 εἴρηκε
282 1605 331 1671 τὸν
355 1605 465 1692 ἔχοντα
489 1607 629 1692 δέρματα.
659 1610 853 1690 Subsequitur
878 1610 1038 1690 disputatio
1062 1611 1098 1671 de
1120 1611 1183 1670 loco
1207 1611 1305 1690 aliquo

157 1716 312 1796 Aeschyli,
335 1725 431 1775 utrum
456 1712 703 1798 μελανοστέρφων
727 1715 912 1775 scribendum
935 1721 1033 1775 sitan
1057 1713 1305 1797 μελανοστέρνιον.

159 1821 348 1881 Simillimum
380 1832 424 1882 est
456 1823 544 1881 schol.
576 1825 607 1880 iu
630 1844 659 1880 v.
683 1823 776 1880 1757
801 1821 839 1882 de
861 1843 965 1881 vocum
987 1821 1107 1904 πλήμνη
1131 1830 1160 1881 et
1182 1821 1305 1903 πλησμη

158 1924 332 2004 differentia,
364 1927 413 1988 uhi
448 1925 549 1988 eodem
581 1927 668 1988 modo
703 1927 738 1988 de
771 1931 854 1988 varia
886 1932 1028 2008 scriptura
1060 1926 1185 1988 Hesiodi
1217 1948 1305 1986 anuo·

158 2040 244 2092 tatur.

251 2165 326 2225 Sunt
349 2173 497 2244 praeterea
519 2164 659 2223 nonnulla
674 2164 787 2222 scholia
802 2163 978 2238 doctissima,
1001 2183 1076 2242 quae
1091 2163 1127 2220 ad
1144 2162 1307 2242 Didymum

160 2271 260 2350 aliquo
283 2271 369 2330 modo
393 2278 527 2351 spectant
548 2273 676 2350 itemque
699 2289 715 2328 e
737 2269 832 2328 lexico
856 2269 954 2348 aliquo
972 2271 1065 2349 pet-ita
1080 2288 1144 2328 esse
1159 2267 1305 2330 videntur.

159 2376 257 2436 Schol.
280 2377 394 2436 11134
419 2375 456 2433 de
478 2397 504 2434 v.
531 2373 650 2458 βόμβος,
685 2374 763 2454 quod
794 2374 937 2432 scholium
968 2373 1128 2452 completur
1159 2374 1251 2432 altero
1277 2395 1304 2430 v.

159 2483 204 2542 IV
220 2485 279 2541 143
303 2486 440 2562 ascripto,
471 2481 522 2541 uhi
546 2480 647 2541 eadem
670 2480 730 2540 fere
752 2479 923 2556 traduntur3
957 2479 1008 2538 scd
1038 2501 1103 2538 cum
1132 2480 1222 2539 altero
1250 2480 1316 2538 hoc·

160 2589 225 2648 loco
248 2609 307 2647 non
332 2586 440 2672 βόμβος
464 2587 516 2647 sed
540 2585 682 2671 βυμβόνες
707 2587 876 2665 explicetur,
900 2606 935 2644 ea
956 2607 1025 2666 pars
1049 2586 1161 2665 scholii,
1177 2606 1260 2665 ,quae
1275 2588 1306 2644 in

159 2704 284 2774 utroque
306 2695 371 2752 loco
395 2701 499 2768 exstat,
523 2713 539 2752 e
561 2696 657 2773 priore
679 2696 709 2751 in
732 2693 854 2750 alterum
871 2692 1014 2750 translata
1028 2711 1092 2750 esse
1107 2691 1229 2750 ridetur.
1259 2691 1306 2749 De

159 2808 277 2858 auctore
300 2799 388 2857 huius
413 2797 612 2857 adnotationis
633 2801 706 2878 ipsis
730 2797 850 2856 scholiis
881 2796 1018 2855 docemur
1039 2797 1068 2874 (I
1083 2795 1180 2877 1134)
1265 2796 1306 2862 ὡς

158 2899 208 2964 καὶ
229 2899 356 2973 Εὔπολις
380 2903 410 2965 ἐν
428 2899 561 2973 Βάπταις
584 2899 648 2963 καὶ
664 2900 843 2984 Δίδυμος.
881 2902 995 2962 Similia
1017 2905 1206 2961 inveniuntur
1229 2901 1308 2980 apud

158 3011 359 3090 Hesychium:
394 3008 521 3093 βόμβος·
557 3008 663 3092 ψόφος,
696 3007 834 3092 στρόφος,
864 3006 950 3091 ἦχος,
980 3005 1066 3080 δῖνος,
1089 3011 1191 3076 κῶνος.
1216 3005 1306 3087 ξυλή-

159 3138 231 3200 ριον,
264 3113 298 3176 οὔ
332 3113 454 3198 ἐξῆπται
483 3112 612 3198 σχοινίον
636 3109 684 3174 καὶ
709 3112 739 3175 ἐν
761 3114 825 3182 ταῖς
847 3113 977 3182 τελεταῖς
1000 3112 1122 3174 δινεῖται
1143 3109 1191 3174 ἵνα
1214 3111 1306 3195 huelp,

159 3231 189 3282 et
221 3221 300 3301 apud
322 3222 460 3282 Photium
492 3243 514 3280 s.
547 3243 574 3283 v.
605 3219 730 3304 βόμβος·
764 3217 779 3280 ὃ
809 3215 927 3303 ἔχουσιν
959 3218 986 3279 οἱ
1016 3215 1235 3288 ἐπιθειάζοντες
1266 3220 1306 3287 ὡς

161 3323 322 3410 τύμπανον.
347 3324 442 3396 οὕτως
466 3321 594 3395 Εὔπολις
617 3325 663 3406 (cf.
686 3347 775 3406 supra
796 3347 825 3405 p.
854 3321 964 3408 l9ss).

248 3473 315 3534 Sch.
340 3475 385 3534 IV
400 3478 460 3534 973
486 3473 522 3534 de
545 3496 573 3533 v.
604 3467 794 3557 όρείχαλκοςε
827 3472 1005 3547 Aristotelis,
1036 3471 1202 3546 Stesichori,
1233 3472 1306 3530 Bac-

161 3580 298 3660 chylidis,
321 3581 459 3656 Socratis,
483 3580 668 3661 Theopompi
684 3581 858 3640 testimoniis
874 3579 973 3638 allatis
991 3577 1110 3637 additur
1131 3578 1185 3636 sub
1207 3578 1307 3638 finem:

162 3683 258 3756 οὕτως
290 3684 326 3768 ἦν
359 3684 389 3748 ἐν
420 3681 608 3769 τῇΚοιμικῇ
635 3683 711 3754 λέξει
733 3681 774 3767 τη
796 3682 951 3768 συμμίκτιρ
974 3685 1023 3764 (cf.
1046 3685 1141 3746 Maur.
1166 3683 1305 3744 Schmidt.

158 3791 281 3872 Didym.
303 3816 331 3874 p.
357 3790 411 3875 70!
438 3795 455 3872 ).
485 3793 584 3851 Etiam
607 3791 680 3850 haec
702 3790 802 3868 glossa
825 3810 1001 3870 quamquam
1024 3793 1149 3870 pessime
1172 3798 1307 3870 corrupta

160 3897 240 3978 apud
273 3898 457 3977 Hesychium
491 3895 583 3956 redit:
618 3890 818 3978 όρειχάλκων·
854 3895 913 3954 τῶν
947 3900 1011 3978 εικῆ
1048 3893 1305 3979 διαδεδονημένων

159 3997 237 4063 εἶναι
258 3998 397 4085 τοῦνομα.
433 4000 460 4062 οἱ
493 3997 525 4062 δὲ
559 3997 677 4070 πλείους
710 3995 852 4083 ὑπάρχειν
885 3997 982 4062 αὐτόν.
1015 3997 1078 4063 ἔστι
1107 3997 1141 4062 δέ
1169 3997 1219 4064 καὶ
1249 4000 1304 4086 ὕλη

160 4105 251 4190 ὁμοία
272 4104 386 4193 χαλκῷ.

248 4253 315 4314 Sch.
339 4255 385 4314 IV
402 4256 484 4314 1058
507 4251 700 4337 (στρεόηομαι
722 4250 800 4310 unde
824 4244 929 4333 στράηξ
961 4249 1130 4328 derivatur),
1161 4261 1306 4332 sumptum

157 4363 229 4420 item
261 4379 298 4419 ex
329 4360 479 4440 Didymo:
515 4357 613 4420 οὕτω
646 4355 824 4438 Δίδυμος.
880 4355 1062 4416 Eademad
1094 4358 1215 4417 verbum
1246 4360 1306 4419 fere

157 4465 280 4548 praebet
310 4467 497 4550 Hesychius:
515 4462 780 4552 οτρεόηεται·
813 4461 1054 4548 ταλαιπωρεῖται,
1085 4465 1305 4548 καταπονεῐται,
