3194 5200
843 385 883 448 60

289 557 485 645 veriloquium
507 567 684 644 spectantem
708 561 886 646 opposuisse,
916 561 1003 624 etiam
1034 567 1130 625 cetera
1160 561 1272 626 scholia
1300 561 1352 626 illa
1374 572 1441 648 ety-

290 669 442 749 mologica,
464 689 539 752 quas
561 689 650 751 supra
672 667 885 748 descripsimus,
909 667 1003 728 eidem
1026 671 1216 746 grammatico
1238 670 1439 749 vindicemus3

289 795 384 856 neque
406 776 491 836 aliter
512 795 558 836 res
580 784 624 836 est
647 774 684 834 ds
709 775 817 852 glossis
845 774 913 843 illis,
944 777 974 834 in
1006 775 1113 854 quibus
1135 774 1332 837 Callimachus
1354 781 1440 838 testis
1488 795 1490 800 ·

291 882 418 957 affertur,
446 903 510 942 cnm
533 885 602 942 item
628 882 673 942 bis
695 882 763 960 (soh.
787 881 832 941 IV
848 883 926 956 9723
949 881 1093 961 111172)
1117 885 1278 943 sententiaa
1300 883 1440 944 Ameriae

292 988 465 1048 Callimachi
488 989 584 1048 locum
606 990 772 1069 oppositum
794 1007 858 1046 esse
880 985 1046 1046 viderimus.
1077 987 1134 1048 Sed
1151 989 1209 1046 alia
1232 993 1364 1069 quaestio
1385 998 1439 1066 est,

290 1095 355 1173 quis
377 1094 449 1153 haec
472 1095 584 1153 scholia
606 1095 729 1172 corpori,
753 1091 832 1174 quod
854 1113 907 1152 nos
924 1092 1072 1168 habemus,
1096 1095 1258 1170 inseruerit,
1281 1095 1348 1170 alia,
1372 1099 1440 1176 quis

289 1203 479 1281 interpretum
502 1200 653 1281 Apollonii
676 1219 775 1258 corum
799 1206 901 1258 auctor
922 1201 968 1258 sit.
1000 1198 1069 1258 Nou
1091 1202 1169 1260 enim
1192 1221 1238 1260 res
1260 1199 1362 1260 eadem
1385 1210 1440 1277 est,

291 1307 419 1384 quaein
448 1305 566 1366 scholiis
587 1305 762 1378 Homericis,
793 1304 844 1363 ubi
873 1313 1010 1384 quattuor
1037 1304 1153 1364 illorum
1183 1309 1441 1383 grammaticorum

291 1414 488 1471 commentarii
520 1419 622 1491 postea
654 1409 691 1469 ah
723 1411 840 1470 homine
870 1411 986 1490 aliquo,
1021 1431 1105 1491 quem
1135 1433 1194 1471 non
1225 1415 1374 1488 novimus,
1408 1417 1441 1474 in

291 1537 380 1574 unum
403 1519 555 1597 compositi
578 1525 654 1590 suut,
686 1537 751 1574 cum
773 1514 929 1574 admodum
953 1515 1075 1576 dubium
1098 1519 1144 1590 sit,
1175 1538 1212 1576 an
1238 1520 1355 1576 omnino
1377 1518 1440 1594 illc,

290 1625 340 1701 qui
371 1643 475 1702 corpus
504 1622 681 1681 scholiorum
710 1621 818 1702 Apoln.
850 1621 984 1694 confecit,
1013 1625 1078 1702 ipse
1100 1621 1231 1681 'l'heonis
1260 1629 1289 1680 et
1317 1623 1441 1700 Lucilli,

292 1732 342 1810 qui
357 1732 387 1788 in
404 1728 617 1808 subscriptione
629 1727 820 1808 appellantur,
837 1730 1061 1787 commentarios
1073 1736 1140 1788 ante
1152 1728 1251 1788 oculos
1263 1728 1399 1788 habuerit
1408 1726 1440 1808 ¹).

291 1834 328 1894 Id
362 1843 439 1895 certe
471 1834 624 1915 permultis
657 1837 745 1892 ctiam
778 1833 850 1892 locis
882 1833 1036 1893 observare
1066 1855 1229 1914 possumus,
1261 1835 1442 1915 Sophoclem

186 2021 188 2028 ,
290 1949 406 2021 praeter
427 1941 579 1999 Irenaeum
604 1943 691 1998 ctiam
723 1958 811 2020 opera
840 1948 1001 2000 ceterorum
1031 1943 1221 2020 interpretum
1253 1944 1442 2022 antiquorum

291 2046 465 2106 adhibuisse.
490 2046 555 2121 Qua
567 2065 598 2106 re
615 2049 702 2104 etiarn
717 2044 754 2105 de
769 2045 888 2104 scholiis
903 2045 1115 2126 etymologicis,
1130 2066 1205 2126 quae
1216 2045 1302 2106 modo
1314 2066 1442 2107 comme-

290 2155 474 2226 moravimus,
497 2173 600 2232 parum
622 2150 763 2211 credibile
786 2160 830 2211 est
845 2151 1019 2232 Sophoclem
1036 2151 1109 2211 haec
1123 2150 1161 2212 de
1175 2173 1227 2212 suo
1243 2155 1337 2232 ipsum
1353 2151 1444 2211 addi-

291 2257 378 2318 disse.
423 2259 500 2318 Nam
523 2277 589 2316 cum
612 2265 679 2317 ants
701 2258 734 2316 ll
756 2279 785 2336 p.
810 2256 877 2318 Chr.
902 2257 1051 2316 saeculnm
1073 2278 1133 2317 non
1157 2256 1312 2338 scripserit,
1342 2257 1444 2318 facere

290 2385 348 2424 non
382 2365 489 2443 potuit,
522 2365 594 2442 quin
626 2365 658 2420 in
691 2361 790 2421 verbis
823 2360 991 2420 derivandis
1021 2364 1173 2442 passiones
1205 2364 1444 2441 mutationesque

292 2489 465 2550 omnemque
487 2468 570 2527 illam
592 2467 749 2528 Philoxeni
772 2470 915 2527 rationem
937 2466 1095 2527 adhiberet
1136 2465 1216 2540 Quid
1239 2475 1335 2527 autem
1358 2467 1444 2546 quod

291 2595 369 2634 nunc
391 2593 599 2653 nonnunquam
628 2573 740 2632 scholia
762 2573 851 2653 Apln.
884 2593 949 2632 cum
979 2573 1098 2634 scholiis
1121 2573 1245 2635 Theocr.
1277 2575 1445 2654 ceterisque

291 2679 499 2742 consentiunt?

379 2786 422 2846 Of.
455 2787 526 2846 sch.
550 2785 603 2845 IV
623 2785 703 2844 1342
739 2779 937 2868 βουπελάταιε
971 2782 998 2844 ol
1032 2782 1186 2868 βουκόλοι·
1221 2778 1336 2867 εἴρηται
1370 2781 1445 2864 ἤτοι

292 2894 343 2954 τοῦ
361 2877 391 2952 π
410 2886 633 2973 περισσεύοντος
657 2885 829 2972 (βουελάται
850 2885 907 2972 γάρ
932 2887 1059 2971 aistuli
1090 2884 1171 2972 παρὰ
1193 2885 1226 2950 τὸ
1258 2886 1348 2958 πέλας
1377 2891 1445 2952 τῶν

294 2998 372 3082 βοῶν
396 2991 470 3058 εἶναι
494 2994 509 3056 ὃ
532 2990 582 3058 καί
608 2991 721 3078 βέλτιον
746 3020 786 3046 =
810 2994 900 3054 schol.
924 2998 955 3054 in
977 2996 1043 3055 Nic.
1066 2995 1114 3054 Al.
1135 2998 1174 3055 38
1200 2990 1381 3078 βουπελάται
1404 2990 1446 3056 δὲ

293 3103 321 3165 σί
344 3100 483 3186 βουκόλοι
505 3097 586 3183 παρὰ
608 3099 641 3161 τὸ
664 3096 839 3183 πλησιάζειν
863 3099 927 3170 ταῖς
952 3096 1036 3184 βουσί
1059 3096 1108 3162 καὶ
1131 3098 1299 3162 κολλᾶσθαι
1327 3097 1444 3171 αὐτοῖς.

292 3209 420 3271 Schol.
444 3209 553 3268 1581
580 3203 719 3290 (ἐρίπναι)
743 3207 780 3266 cf.
803 3205 892 3265 schol.
923 3209 954 3264 in
976 3207 1042 3266 Nic.
1065 3207 1122 3266 Th.
1148 3209 1204 3266 22:
1234 3202 1353 3288 ἐρίπνην
1383 3202 1446 3289 τὴν

292 3313 457 3398 ἀκρώρειαν
481 3310 561 3394 λέγει
590 3307 672 3396 παρά
700 3307 732 3373 τὸ
763 3307 984 3394 περιπνέεσίλαι,
1018 3307 1078 3373 οἷον
1108 3306 1204 3373 πολλὰ
1233 3307 1386 3389 πνέεσίλαι,
1419 3313 1445 3396 ἢ

291 3417 343 3504 τὴν
367 3418 525 3502 κοιλότητα
547 3413 630 3501 παρά
652 3413 685 3478 τὸ
714 3414 881 3500 ἐριπέσίλαι,
912 3415 1004 3499 ἤγουν
1035 3417 1134 3479 πεσεῖν
1165 3411 1214 3478 καί
1244 3415 1447 3498 κοιλωίλῆναι,

292 3525 309 3588 ὃ
331 3527 381 3588 νῦν
406 3522 552 3608 σημαίνει.
589 3523 671 3584 Sch.
694 3524 848 3584 11195:
872 3520 1086 3604 ἑτυμολοχοῡσι
1109 3517 1142 3583 δὲ
1164 3517 1246 3605 παρά
1268 3519 1320 3606 τὴν
1345 3519 1447 3606 ῥοπὴν

292 3627 397 3693 καὶτὸ
421 3630 532 3693 ἀλοιᾶν.
579 3629 623 3690 Of.
646 3629 705 3692 sch.
728 3631 760 3688 in
782 3628 906 3688 'l'heocn
929 3651 958 3709 p.
985 3631 1123 3704 308,18:
1153 3627 1280 3711 ρόπαλον
1305 3624 1338 3688 δέ
1359 3625 1446 3691 ἐστιν

293 3736 470 3821 ἀμυντήριον
494 3731 544 3796 καὶ
568 3731 766 3818 ἑτερορρεπές,
791 3733 820 3803 ἐξ
844 3729 908 3804 ἑνός
933 3731 1039 3817 μέρους
1064 3731 1158 3818 ’ροπὴν
1181 3730 1252 3818 ἔχον
1272 3728 1320 3796 καί
1338 3730 1444 3818 βάρος.

292 3845 421 3907 Schol.
446 3843 540 3903 dev.
564 3837 779 3925 καχλάζον,
811 3840 890 3921 quod
924 3861 1000 3921 supr.
1032 3841 1073 3920 (p.
1099 3841 1151 3919 28)
1184 3860 1221 3900 ex
1253 3849 1340 3920 etym.
1368 3859 1445 3916 gen.

280 3953 536 4031 recuperavimus,
558 3969 682 4030 quocum
704 3947 836 4008 conferas
859 3946 947 4007 schol.
971 3947 1095 4008 Theocr.
1117 3969 1145 4028 p.
1168 3950 1303 4023 mil:
1325 3942 1447 4028 καχλά-

295 4058 384 4126 ζοντα
406 4051 470 4118 ἀντὶ
492 4057 543 4116 τοῦ
568 4055 710 4138 ἠχοῦντα.
735 4052 751 4113 ὁ
779 4051 885 4136 τρόπος
915 4049 1145 4136 ὀνοματοποιία·
1176 4054 1197 4135 ἢ
1221 4048 1383 4136 καχλάζειν
1406 4048 1447 4114 τὸ

294 4161 401 4249 ψοφεῖν
424 4157 456 4224 τὸ
480 4163 559 4244 κῦμα
582 4158 745 4244 φερόμενον
769 4154 816 4220 ἐπὶ
839 4153 907 4228 τοὺς
930 4153 1085 4242 κάχληκος
1107 4153 1269 4242 (κάχληκες
1300 4153 1333 4218 δέ
1365 4154 1447 4222 εἰσιν

366 4407 392 4474 1)
412 4405 452 4461 Gi.
472 4403 663 4460 Wilamowitn.
684 4401 750 4456 Eur.
772 4399 881 4458 Heracl.
902 4401 915 4454 Ι
933 4417 960 4472 ρ.
982 4403 1049 4473 187;
1072 4399 1216 4468 Susemihl,
1235 4398 1288 4454 vol.
1308 4398 1320 4452 1
1339 4414 1366 4468 p.
1387 4400 1451 4456 390

292 4513 337 4554 no.
350 4499 392 4554 tc.
