3194 5200
685 361 731 425 17·

140 581 159 594 ,.
193 535 297 604 Ιθυίν.
317 541 408 612 167.
438 537 471 601 ol<
489 535 526 601 δέ.
553 531 636 623 ροισιΙ
649 535 782 600 Ξυνιάδα
805 531 945 622 εἰρῆσθαι
969 533 1018 600 διὰ
1040 530 1073 600 τό
1097 527 1183 607 ξυνδί
1203 527 1278 601 εἶναι

129 643 163 709 τὸ
186 646 293 710 κοινόν.
318 643 427 728 ταότην
451 641 485 706 δὲ
506 639 606 727 κοινὴν
631 637 706 706 εἶναι
730 640 897 714 Θεσσαλίας
919 638 970 704 καί
993 637 1143 714 Βοιωτίας
1165 643 1276 704 scholia

129 753 210 814 Flor.
234 761 264 814 et
283 754 349 813 Par.
373 754 480 812 rectius
502 769 590 830 quam
612 751 707 809 Laur.¹
724 747 832 810 habere
854 748 999 810 videntur.

217 857 293 918 Solu.
316 857 435 916 1188.
479 855 670 914 De‘Anoaeo
701 857 732 913 in
754 855 833 914 Flor.
866 853 989 914 dieitur:
1022 851 1111 939 βαρὺς
1143 851 1276 916 ἐπέκειτο

129 961 190 1031 τοῖς
214 958 349 1038 οἰκέταις,
374 979 449 1041 quae
470 959 561 1020 verba
583 958 689 1019 desunt
711 962 743 1018 in
765 959 824 1018 LP.
881 979 882 984 ¹

217 1067 296 1127 sch.
319 1067 336 1126 I
353 1069 437 1125 224.
461 1068 492 1124 in
506 1065 564 1124 soh.
581 1065 634 1123 FP
649 1073 716 1144 post
732 1061 887 1126 sortiturae
903 1063 1036 1125 additur:
1060 1061 1147 1126 αὐτόν
1165 1060 1276 1126 ἄοπλον

129 1171 160 1236 ἐν
183 1175 227 1257 τῷ
250 1168 374 1255 Πηλίῳ,
406 1170 578 1250 quibuscum
602 1171 732 1230 conferas
754 1169 930 1250 Apollodori
961 1170 1033 1234 bibl.
1063 1171 1200 1245 111167,
1223 1169 1275 1229 ubi

128 1287 265 1337 narratur
287 1277 428 1336 Acastum
459 1275 542 1336 Pelei
570 1275 701 1353 gladium
731 1275 884 1334 infimum
907 1274 1073 1335 abdidisse:
1107 1271 1286 1356 ἀποκοιμη-

129 1379 234 1452 θέντος
259 1378 292 1444 δὲ
316 1379 407 1444 αὐτοῦ
431 1379 461 1443 ἐν
484 1380 527 1465 τῷ
543 1377 663 1465 Πηλίῳ,
688 1377 841 1442 ἀπολιπὼν
853 1375 996 1450 Ἄκαστος
1016 1375 1068 1443 καί
1085 1377 1139 1463 την
1163 1376 1277 1464 μάχαι-

129 1510 182 1572 ραν
206 1486 236 1550 ἐν
266 1491 303 1571 τῇ
326 1490 384 1548 τῶν
411 1486 489 1571 βοῶν
511 1484 615 1570 κόπρῳ
640 1483 754 1572 κρύψας
778 1483 982 1571 ἐπανέρχεται.
1027 1487 1132 1566 Neque
1153 1485 1278 1545 fortasse

127 1593 290 1652 similitudo
312 1593 481 1667 verborum,
512 1611 588 1671 quae
616 1600 734 1652 exstant
762 1595 794 1650 in
815 1592 904 1651 schol.
927 1592 1023 1651 Flos:
1052 1589 1213 1674 κατηγόρει
1235 1591 1277 1659 ὼς

128 1695 309 1780 πειραθέντα
340 1694 449 1778 αὐτῆς,
482 1717 548 1756 oum
574 1696 749 1777 Apollodori
771 1694 923 1777 (111165)
953 1693 1084 1776 λέγουσα
1115 1693 1162 1757 ὑπ’
1186 1691 1276 1756 αὐτοῦ

127 1798 199 1886 περὶ
219 1799 375 1871 συνουσίας
398 1799 608 1884 πεπειρᾶσθαι,
631 1797 828 1877 fortuita'est‚
850 1822 903 1882 pro
926 1801 1031 1881 quibus
1052 1805 1084 1860 in
1105 1801 1208 1862 Laui-,2
1232 1798 1277 1861 ότι

126 1906 239 1990 ἤθελεν
264 1905 339 1990 αῦτη
364 1905 516 1968 συνελθεῖν
539 1907 683 1985 legumtur,
706 1907 871 1987 similiaque
892 1909 924 1966 in
947 1906 1005 1966 soh.
1029 1907 1095 1966 Par.

217 2013 297 2074 Solu.
321 2013 337 2072 Ι
355 2016 437 2072 242.
463 2020 550 2088 reete,
573 2020 607 2071 ut
621 2011 747 2088 videtur,
767 2010 812 2073 ότι
828 2008 903 2094 αῦτη
919 2011 1023 2095 πρώτη
1038 2009 1155 2094 ἐκλήθη
1172 2004 1277 2095 Ἀχαία

126 2123 159 2180 in
182 2119 235 2179 FP
257 2119 373 2196 legitur.
626 2186 627 2190 ,

216 2213 296 2284 Solu.
320 2217 337 2281 I
354 2227 439 2283 264.
460 2225 492 2283 in
507 2241 580 2283 voce
596 2218 721 2293 ἐντυποίς
736 2221 912 2304 explicanda
923 2243 1024 2284 versus
1035 2223 1159 2285 Homeri
1174 2219 1199 2284 Ω
1215 2225 1275 2284 163

126 2336 159 2392 in
183 2333 235 2394 FP
257 2333 384 2392 affertur.

215 2438 295 2498 Soli.
318 2438 435 2496 1403.
459 2433 544 2498 ἔνθεν
568 2431 618 2498 καί
641 2433 730 2520 νηδὺς
745 2432 797 2498 καὶ
811 2437 881 2508 ναῦς
898 2440 1070 2518 interposita
1092 2458 1164 2500 vooe
1186 2433 1277 2521 νηδός

126 2546 159 2603 in
183 2543 271 2603 sohol.
293 2544 340 2602 Fl.
364 2552 394 2604 et
415 2544 464 2618 P.‚
493 2545 575 2602 ouius
596 2543 796 2623 ,veriloquium
818 2546 848 2602 in
872 2547 1086 2605 commentariis
1109 2547 1276 2624 grammati·
1312 2620 1313 2624 ρ

127 2666 227 2707 oerum
258 2651 374 2727 saepius
407 2668 472 2706 oum
503 2647 666 2726 veriloquio
700 2651 782 2707 vocis
812 2649 883 2718 ναῦς
915 2652 1100 2710 coniunctum
1132 2649 1276 2730 prosertur

126 2753 237 2832 (Orsm.
262 2753 319 2812 An.
344 2751 572 2829 0.11395,e;
596 2761 683 2832 etym.
707 2773 745 2814 m.
771 2755 842 2830 604,
856 2757 912 2831 57;
937 2757 1008 2831 598,
1024 2757 1084 2836 13).

216 2857 295 2918 sch.
318 2858 436 2917 1551.
459 2856 565 2918 verba:
600 2855 652 2941 ἀφ’
677 2854 710 2919 οῦ
728 2845 816 2920 Ἴτων
839 2857 923 2929 πόλις
956 2855 1006 2921 καί
1027 2850 1275 2944 Ἰτωνίς-Ἀθηνῦι

126 2966 160 3024 in
182 2963 271 3024 Laur.
293 2961 407 3022 desunt.
485 3029 506 3052 Ι,

215 3068 294 3128 Sch.
318 3068 334 3126 I
353 3070 438 3127 763.
462 3062 620 3149 (ζητητέον
645 3061 678 3127 δὲ
700 3063 727 3128 τί
743 3065 880 3152 βυόλεται
896 3066 978 3154 αὐτῷ
992 3071 1086 3132 ταῦτα
1107 3064 1144 3130 τὰ
1160 3067 1275 3132 ποικίλ-

128 3173 221 3256 ματα)
245 3171 300 3232 sub
321 3173 410 3232 finem
432 3175 462 3232 in
484 3173 537 3231 FP
559 3172 675 3252 plenius
697 3181 741 3233 est
764 3195 851 3254 quam
872 3178 904 3234 in
926 3176 962 3238 L.

215 3276 296 3336 Soh.
320 3277 441 3336 1882.
474 3275 615 3336 Defensio
648 3285 753 3358 poetae
785 3274 870 3362 (πρὸς
893 3275 960 3350 τοὺς
983 3276 1275 3366 ἐπιλαμβανομένους

126 3385 180 3464 τῆς
203 3379 377 3466 παραβολῆς
402 3427 461 3442 ...
487 3379 590 3464 ρητίον
615 3384 688 3461 ...)
709 3386 742 3442 in
763 3384 852 3448 Laur.
875 3385 965 3447 deest.

216 3487 298 3548 sch.
322 3488 440 3548 1955.
464 3487 583 3548 Scholia
597 3489 651 3548 FP
673 3488 785 3550 addunt
803 3491 875 3552 haee
890 3493 982 3553 verba
1003 3496 1036 3552 in
1049 3493 1137 3552 Laur.
1153 3496 1273 3554 omissa:

127 3590 227 3674 ὀλίγον
250 3590 334 3655 λίθον
357 3587 407 3655 τόν
432 3588 534 3676 μικρὸν
557 3589 630 3676 ἔφη,
655 3594 695 3665 ὡς
718 3590 769 3656 καί
788 3586 929 3683 Ὅμηρος
954 3596 1077 3684 „illuns
1102 3597 1272 3684 τραπέζην“

126 3696 178 3763 καί
201 3699 357 3784 Θεόκριτος
383 3697 501 3781 ,,όλίγυν
525 3701 650 3783 κυῦρυν“
677 3698 708 3786 (Ι
724 3699 789 3787 47).

215 3805 301 3866 Soh.
324 3806 365 3865 ΙΙ
380 3807 436 3872 δῦ.
459 3799 493 3865 τό
517 3791 600 3887 ᾔδειν
616 3801 678 3867 ἀντί
695 3809 746 3869 τοῦ
759 3805 960 3891 πληθυντικοῦ
975 3810 1079 3888 κεῖται,
1101 3805 1135 3870 τὸ
1151 3803 1273 3893 ᾔδεσαν.

126 3911 168 3981 ὡς
196 3905 247 3972 καί
277 3905 311 3971 τό
347 3913 418 3992 „uie
442 3907 468 3970 δ’
491 3906 528 3992 ἦν
550 3908 628 3994 τρεῖς
650 3910 800 3997 κεφαλαί“
835 3910 921 4000 <Hes
945 3913 1057 3993 Theog.
1080 3935 1108 3975 τ.
1132 3913 1211 4001 321>
1243 3921 1274 3977 in

125 4017 212 4078 Laur.
237 4013 327 4077 deest.

213 4123 292 4183 Solu.
316 4120 457 4182 11159.
491 4116 546 4195 διὰ,
571 4117 605 4184 τό
629 4121 763 4207 θυμηδὲς
795 4129 863 4208 τῆς
885 4127 1091 4210 τριμεροῦς
1114 4129 1213 4211 ψυχῆς
1243 4131 1275 4186 in

124 4229 185 4292 seh.
205 4230 283 4291 Flor.
306 4231 354 4290 De
376 4233 474 4289 anima
501 4232 650 4311 tripartita
672 4231 709 4291 of.
725 4232 848 4295 Aristot.
872 4230 938 4318 περί
963 4238 1071 4318 ψυχῆς,
1096 4233 1177 4294 Suid.
1199 4255 1222 4296 s.
1246 4255 1274 4294 ν.

125 4333 220 4426 ψυχή,
244 4338 296 4416 qui
316 4335 505 4398 Dumasoium
527 4337 627 4417 (Phot.
650 4337 726 4398 Bibl.
751 4342 833 4399 1032
848 4341 887 4420 R)
909 4343 1072 4420 exscripsit.

213 4441 292 4505 seh.
315 4439 349 4504 Π
366 4443 447 4502 285.
471 4439 509 4503 do
524 4441 667 4526 Calydnis
680 4443 784 4504 insulis
799 4445 978 4529 Lycophrou
997 4447 1029 4505 in
1043 4443 1097 4504 FP
1118 4443 1293 4521 laudatura„

1001 4553 1021 4612 2
