3194 5200
676 435 715 498 49

116 611 211 693 petita
233 631 295 672 esse
317 607 435 671 videtur
460 609 507 690 (cf.
532 610 589 670 sch.
616 607 637 670 Γ
663 613 723 670 106
748 631 814 670 cum
838 609 933 674 Ciam.
957 610 1018 674 An.
1042 607 1099 675 Ox.
1122 609 1138 672 I
1161 613 1265 688 421,1

120 743 162 770 --
186 725 273 797 etym.
296 737 332 776 m.
359 718 500 791 780,10;
534 716 619 776 aliter
649 714 748 794 Apoll.
779 715 807 776 S.
833 718 958 791 158‚30
983 743 1023 769 =
1048 717 1136 776 schol.
1160 739 1181 802 χ
1206 721 1266 778 289

118 831 149 882 et
171 822 229 882 sch.
253 825 364 900 ι106).
408 821 519 881 Contra
541 821 579 882 ad
601 842 716 882 versum
740 823 754 881 Ι
774 823 854 881 1333
875 821 950 882 haec
964 821 1154 883 adnotantur:
1178 821 1269 908 ὑπερ-

118 925 225 1014 φίαλον
251 923 283 1008 δέ
306 923 371 990 ἀντὶ
393 929 445 989 τοῦ
465 925 684 1010 ἡμαρτημένον,
709 923 769 990 οἷον
788 919 956 1011 ὑπέρφολον
972 927 1049 991 κατὰ
1063 926 1269 1012 κατέμπτιοσιν

119 1034 173 1094 τοῦ
197 1056 225 1095 α.
249 1029 448 1116 καταστρέφει
472 1027 506 1092 δὲ
529 1031 570 1102 εἰς
593 1028 625 1094 τὸ
649 1031 683 1094 οὐ
706 1031 880 1115 καθήκοντα
903 1028 974 1094 οὐδὲ
993 1032 1126 1117 νόμιμον,
1150 1036 1269 1116 quibus-

120 1159 187 1199 cum
209 1139 297 1220 plane
319 1142 462 1199 consentit
485 1137 577 1198 Orion
604 1141 743 1212 154,28ι
773 1133 955 1222 ὑπερφίαλος
985 1147 1078 1224 τροπῇ
1108 1142 1159 1202 τοῦ
1187 1141 1269 1214 οείς

122 1267 132 1304 ι
156 1239 337 1328 ὑπερφίαλός
360 1267 402 1314 τις
426 1245 467 1306 ὢν
490 1239 541 1304 καί
563 1235 716 1328 ὑπερφυής
727 1240 750 1324 1)
773 1245 872 1325 (aliter
894 1244 986 1306 Orion
1013 1247 1082 1320 156,
1097 1249 1136 1305 32
1160 1266 1177 1306 s
1199 1247 1269 1306 Phi-

119 1349 227 1411 loxeno
251 1378 291 1404 =
314 1359 400 1430 etym.
425 1354 497 1426 780,
511 1353 550 1430 3).

211 1457 294 1534 Quae
316 1478 382 1517 cum
412 1456 629 1516 consideramus
658 1464 687 1516 et
716 1464 867 1537 praeterea
895 1457 1042 1538 permulta
1071 1457 1129 1516 alia
1158 1455 1270 1518 scholia
1302 1524 1304 1528 7

121 1565 154 1621 in
176 1561 355 1624 derivatione
378 1563 534 1624 verborum
556 1565 703 1623 versantia
725 1565 897 1639 invenimus,
929 1581 1004 1644 quac
1033 1565 1105 1622 item
1127 1566 1271 1624 artissime

122 1691 189 1748 cum
212 1671 471 1750 etymologicorum
494 1673 634 1729 memoria
657 1669 821 1744 cohaerent,
853 1690 911 1728 non
934 1678 1042 1730 temere
1064 1670 1163 1750 colligi
1185 1690 1282 1751 possev

121 1775 239 1836 videtur
268 1785 384 1856 praeter
416 1776 533 1836 lexicon
563 1774 637 1834 illud
660 1775 849 1835 Homericum
883 1778 971 1834 ctiam
1002 1774 1118 1836 lexicon
1149 1774 1271 1856 aliquod

124 1883 349 1961 etymologicum
371 1903 461 1942 uuum
492 1901 528 1941 ex
551 1881 705 1961 Apollonii
734 1880 949 1962 interpretibus,
982 1883 1115 1961 quisquis
1143 1884 1169 1940 is
1200 1890 1271 1956 erat,

124 1987 221 2048 adisse
244 1997 274 2048 et
296 1991 358 2048 cius
380 1991 472 2068 copiis
495 1987 607 2046 scholia
629 2007 792 2046 exornasse.
821 1987 1007 2067 Quamquam
1023 1986 1055 2045 id
1078 2007 1148 2047 sane
1170 2007 1272 2048 conce-

123 2092 253 2168 dendum
275 2102 320 2154 est
341 2094 481 2153 nonnulla
503 2093 606 2152 horum
629 2093 804 2152 scholiorum
828 2095 917 2152 etiam
940 2090 1058 2152 aliunde
1075 2101 1191 2173 sumpta
1209 2113 1272 2154 esse

122 2219 218 2279 posse,
239 2209 272 2259 ut
293 2199 379 2259 modo
402 2203 433 2260 in
455 2201 555 2260 multis
578 2219 676 2260 earum
699 2199 872 2278 glossarum,
903 2219 974 2279 quas
996 2198 1091 2258 lexico
1115 2200 1271 2260 Homerico

123 2306 316 2380 attribuimus,
339 2309 426 2366 etiam
449 2305 486 2366 de
508 2291 670 2386 veriloquio
693 2305 902 2365 vocabulorum
925 2308 974 2384 agi
994 2305 1121 2365 vidimus
1138 2305 1184 2386 (cf.
1201 2325 1224 2366 e.
1241 2327 1270 2384 g.

124 2410 163 2470 de
195 2433 222 2470 v.
255 2408 376 2493 ἐρεμνός
409 2411 602 2487 seh.1219;
638 2406 832 2494 κερτομίοισιν
866 2410 1061 2486 sch.14863
1093 2408 1180 2492 νήεον
1212 2411 1271 2470 sch.

122 2517 235 2591 1403,
266 2513 478 2598 σκηρίπτω
502 2516 561 2576 sch.
585 2517 617 2575 Π
632 2519 691 2576 667
701 2542 708 2593 3
737 2513 871 2600 κινύρετο
894 2516 952 2576 sch.
976 2515 1088 2595 Ι292).
1134 2515 1191 2576 Sed
1214 2537 1273 2576 non

122 2641 190 2695 raro
213 2621 254 2696 fit,
285 2630 318 2680 ut
340 2621 503 2701 veriloquia
525 2621 700 2680 scholiorum
722 2621 984 2702 Apolloniauorum
1008 2643 1074 2681 cum
1096 2621 1164 2697 illis,
1199 2643 1272 2702 quae

122 2726 301 2805 Apollonius
316 2725 402 2805 Soph.
419 2726 537 2805 profert,
560 2746 618 2786 non
634 2730 824 2802 consentiant,
847 2735 880 2786 ut
901 2725 971 2787 inde
993 2730 1087 2806 petita
1110 2746 1173 2798 esse
1192 2727 1273 2786 nullo

122 2831 212 2892 modo
243 2833 365 2912 possint.
410 2832 536 2892 Accedit
567 2833 644 2912 quod
676 2832 788 2894 indoles
811 2836 940 2892 omnium
962 2833 1067 2892 horum
1089 2832 1273 2908 scholiorum,

124 2959 248 3018 quorum
270 2959 365 3017 pauca
387 2939 522 3018 exempla
544 2959 613 2997 mox
635 2939 761 3014 aderam,
784 2937 857 2998 adeo
880 2939 984 2998 similis
1007 2947 1058 3013 est,
1080 2947 1113 2998 ut
1131 2941 1190 2997 iam
1205 2937 1274 2998 inde

122 3063 163 3104 ex
186 3063 243 3102 uno
267 3041 425 3123 eodemque
447 3043 528 3103 fonte
551 3063 586 3102 ca
608 3043 727 3103 fluxisse
750 3043 926 3104 credendum
949 3047 995 3103 sit.

125 3217 127 3222 ¹
211 3150 259 3209 De
272 3170 300 3210 v.
320 3147 448 3231 ἀδεοκης
465 3149 524 3208 sch.
541 3151 670 3209 11037:
694 3146 835 3220 ἀδευκέος
857 3147 978 3210 ἐκτόδεν
996 3145 1083 3232 ἀτης·
1108 3147 1142 3211 οὐ
1159 3172 1275 3234 προση-

121 3255 201 3332 νοῦς,
227 3251 409 3332 ἀπεοικοίας,
434 3257 548 3338 πικρᾶς.
574 3254 677 3324 δεῦκος
701 3249 758 3339 γὰρ
780 3257 814 3318 τὸ
837 3252 939 3336 γλοκίι,
964 3253 1034 3317 ὅθεν
1057 3251 1090 3316 τὸ
1117 3253 1274 3317 Πολυδεύ-

121 3381 198 3443 κης·
237 3356 288 3422 καί
323 3355 380 3444 γάρ
419 3363 478 3430 ζῶν
517 3359 781 3444 εὐεργετικώτατος
816 3356 868 3422 καὶ
905 3356 1100 3431 ἀποδεωδεὶς
1133 3359 1197 3444 ἅμα
1230 3365 1273 3446 τῷ

121 3465 251 3551 ἀδελφῷ
274 3465 417 3535 διασώζει
440 3463 491 3537 τάς
513 3469 592 3537 ναῦς.
616 3469 636 3549 ἢ
668 3463 802 3552 ἀφανοῦς
831 3461 880 3530 καὶ
913 3462 1211 3552 ἀπροοράτοορπαρά
1240 3463 1273 3529 τὸ

122 3567 226 3632 δείκω.
251 3571 298 3650 (cf.
322 3581 408 3651 etym.
431 3592 495 3650 gan.
520 3599 560 3624 =
584 3580 671 3652 etym.
703 3594 739 3632 m.
767 3576 814 3646 16,
827 3575 865 3632 25
901 3593 939 3634 ex
970 3573 1089 3633 scholiis
1119 3573 1273 3653 Apollon.)

121 3673 333 3746 ἀζαλέους
357 3678 428 3753 (sch.
445 3679 478 3736 Il
492 3676 562 3760 95):
588 3673 621 3738 δὲ
644 3673 707 3740 ἀντὶ
731 3679 783 3740 τοῦ
807 3675 921 3762 Εηρούς.
947 3677 1017 3740 ὅθεν
1041 3674 1115 3748 τινές
1138 3677 1192 3740 οὐκ
1215 3675 1273 3740 ἀπὸ

122 3778 244 3852 Ἀζᾶνος
268 3779 414 3866 βασιλέως
437 3778 514 3844 ἀλλά
539 3777 588 3844 διὰ
611 3779 643 3844 τὸ
668 3783 808 3866 τραχεῖαν
832 3779 907 3846 εἶναι
930 3779 1062 3852 Ἀζανίαν
1094 3778 1168 3866 φασί
1198 3783 1274 3866 κλη-

121 3887 217 3969 ίλῆναι
248 3885 301 3970 τὴν
334 3882 497 3971 Ἀρκαδίαν.
533 3887 658 3973 τραχεῖα
692 3885 749 3970 γάρ
783 3886 845 3950 ἐστι
878 3885 962 3972 ξηροί.
995 3888 1043 3972 (cf.
1074 3889 1161 3948 schol.
1185 3890 1273 3950 Dion.

119 3994 369 4075 Perieg.1192).
415 3991 601 4078 ἀζηχέας
634 3994 694 4055 sch.
716 3995 815 4054 1198.
861 3995 905 4056 cf.
931 4003 1018 4076 etym.
1043 4017 1081 4057 m.
1107 3999 1206 4068 22,46
1233 4023 1273 4050 =

13 4093 14 4096 ¹
119 4099 217 4161 Orion
243 4103 292 4176 13,
304 4103 344 4160 24
367 4101 418 4182 (cf.
445 4105 472 4176 8,
487 4102 529 4182 ὁ),
557 4100 608 4160 ubi
631 4099 689 4160 duo
712 4101 876 4182 veriloquia
900 4110 1026 4179 exstant,
1058 4123 1180 4183 quorum
1202 4102 1273 4164 alte-

118 4262 332 4278 -a-a——q-—n

198 4355 224 4425 1)
245 4353 353 4410 Collato
367 4353 470 4409 scholio
484 4352 672 4423 Apolloniam
690 4353 743 4410 hoc
763 4353 821 4410 lars
840 4353 920 4410 modo
934 4355 1043 4411 Orionis
1060 4355 1181 4424 glossam
1195 4355 1274 4410 resti·

117 4454 246 4516 tuemua:
273 4443 424 4518 ὑπερφίαλος
451 4445 502 4498 οἷον
525 4445 666 4520 ὑπέρφολας
685 4446 751 4500 κατὰ
770 4446 950 4518 κατέμτιτιοσιν
969 4449 1014 4499 τοῦ
1033 4465 1049 4499 α
1068 4445 1111 4498 καὶ
1129 4451 1209 4520 τροπῇ
1227 4449 1272 4498 τοῦ

118 4558 136 4594 α
157 4538 193 4598 τίς
212 4555 220 4590 ι
239 4535 391 4610 ὑπτρφίαλός
409 4555 445 4596 τις
466 4535 503 4590 ὢν
522 4536 565 4590 καὶ
583 4537 718 4610 ὑπερφυής.

1096 4633 1116 4692 4
