3194 5200
872 425 912 484 70

319 593 429 678 γίνεται
452 594 467 657 δ
491 593 586 680 ὅρκος,
611 595 680 659 ὅταν
702 620 744 668 τις
767 593 844 660 κατά
865 602 918 682 τῆς
942 595 1018 670 ίδίας
1042 596 1135 684 δμνάη
1161 603 1315 686 συμφορᾶς
1342 599 1394 676 ,οῦ
1419 597 1463 685 μά

320 700 390 786 Ζῆν’
414 698 542 784 Ἀγέλαε,
565 699 616 765 καί
639 699 733 784 άλγεα
754 701 864 788 πατρὸς
888 703 990 788 ἐμοῖο“
1016 707 1115 786 (Hom.
1139 729 1155 768 υ
1178 709 1263 788 339),
1286 705 1336 770 καί
1358 705 1465 792 Δημο-

322 806 430 891 σθένης
460 803 523 890 ,μά
556 805 623 879 τοὺς
659 807 688 871 ἐν
715 806 886 892 Μαραθῶνι
919 807 1218 894 προκινδυνεύσαντας
1249 809 1299 875 καὶ
1332 809 1399 884 τοὺς
1431 813 1463 874 ἐν

313 913 487 986 ,Πλαταιαῖς
517 914 798 999 παραταξαμένους“
831 917 885 998 (pr.
909 938 964 977 cor.
988 941 1016 998 p.
1041 919 1124 998 297).
1155 915 1224 989 ἔθος
1255 916 1305 981 οῦν
1337 919 1463 1004 ἀρχαῖον

320 1025 436 1105 πρῶτον
461 1017 551 1094 θεοὺς
573 1020 705 1104 δμνῦναι,
730 1017 795 1084 εἶτα
816 1019 938 1104 ἐπάγειν
959 1019 1011 1086 καί
1033 1019 1085 1094 τάς
1109 1022 1184 1094 ἰδίας
1207 1023 1371 1109 συμφοράς.
1406 1024 1464 1107 (Si-

319 1127 402 1187 milia
423 1131 455 1187 in
476 1128 591 1188 Bschol.
615 1127 653 1186 ad
675 1127 788 1188 A234.
819 1127 862 1188 Of.
887 1125 953 1212 περὶ
976 1125 1068 1212 ὕψους
1090 1151 1118 1210 p.
1137 1133 1219 1190 32ss.
1244 1151 1331 1211 supra
1353 1154 1381 1212 p.
1399 1132 1462 1210 66).

319 1237 452 1316 Itemque
474 1238 505 1294 in
527 1235 614 1295 rebus
636 1235 817 1296 fabularibns
838 1256 1057 1316 nonnumquam
1080 1235 1152 1295 dnos
1174 1236 1241 1294 illos
1257 1240 1463 1314 grammaticos

319 1344 395 1400 inter
416 1359 448 1400 se
470 1339 677 1400 contendentes
700 1345 915 1417 cognoscimus:
946 1350 978 1400 ut
1004 1344 1035 1400 iu
1058 1342 1117 1403 sch.
1142 1342 1187 1401 IV
1201 1343 1262 1400 553
1286 1342 1463 1420 Apollonius

319 1454 480 1526 propterea,
504 1445 582 1526 quod
605 1455 672 1506 ante
695 1447 792 1506 Vlixis
815 1456 939 1507 aetatem
962 1448 1068 1510 ltaliae
1092 1447 1238 1507 Ausoniae
1260 1468 1364 1508 nomen
1385 1447 1463 1506 indi-

322 1551 405 1625 derit,
437 1554 619 1632 vituperatur
642 1561 671 1612 et
696 1552 875 1628 defenditur3
906 1557 1062 1636 praecipue
1083 1557 1114 1612 in
1137 1554 1194 1612 sch.
1218 1554 1321 1630 1761,
1351 1553 1401 1614 ubi
1425 1553 1463 1613 dc

320 1660 421 1738 Tityo,
444 1659 561 1739 quibis
584 1667 613 1718 et
636 1659 673 1718 ab
695 1659 786 1718 Elara
809 1669 838 1720 ct
860 1682 878 1719 a
900 1661 993 1720 Terra
1015 1669 1101 1720 natus
1123 1680 1185 1720 esse
1208 1659 1322 1736 dicitur,
1352 1660 1462 1740 duplex

320 1765 462 1824 scholium
484 1763 617 1840 traditur,
639 1767 719 1845 prius
741 1787 766 1845 p.
794 1768 866 1840 345,
878 1769 1036 1842 34--346,
1048 1768 1074 1840 5,
1105 1787 1162 1846 quo
1184 1767 1462 1846 mythographorum

320 1851 479 1930 sententiae
502 1871 660 1930 afferuntur
683 1871 818 1952 quodque
835 1873 965 1932 Theonis
982 1891 1044 1932 esse
1058 1871 1183 1947 videtur,
1206 1871 1311 1932 deinde
1327 1873 1461 1932 alterum:

320 1973 435 2045 ἄλλως·
462 1971 579 2060 Ἐλάρη
605 1976 702 2059 μήτηρ
725 1971 840 2052 Τιτυοῦ,
865 1975 896 2038 δν
918 1977 1031 2037 κυοῦσα
1055 1975 1088 2038 έκ
1112 1975 1179 2046 Διὸς
1202 1973 1252 2036 καί
1275 1975 1463 2038 ἀδυνατοῦσα

321 2085 462 2164 γεννῆσαι
484 2081 537 2144 διά
559 2078 592 2142 τὸ
617 2079 743 2164 μέγεθος
766 2084 818 2143 τοῦ
841 2078 946 2151 παιδὸς
970 2081 1116 2144 ἀπώλετο.
1146 2081 1227 2143 δοκεῖ
1251 2079 1323 2164 δέη
1350 2080 1463 2165 ἱστορία

321 2185 464 2257 ἀπίθανος
494 2182 569 2250 εἶναι
599 2184 649 2250 καὶ
680 2184 810 2264 ἄπιστος,
841 2187 885 2249 δτι
915 2187 949 2248 ἐκ
978 2185 1116 2271 δευτέρου
1138 2188 1158 2270 ἡ
1184 2185 1206 2249 Γ
1208 2213 1227 2270 η
1251 2186 1390 2270 ἐγέννησε
1412 2184 1461 2250 τὸν

319 2289 432 2372 Τιτυόν,
458 2287 522 2355 ἀλλ’
547 2292 680 2378 ἐροῦμεν,
705 2293 749 2356 ὅτι
772 2293 800 2371 οἱ
823 2290 942 2376 ποιηταὶ
958 2291 1025 2364 τοὺς
1040 2293 1217 2377 τερατώδεις
1233 2289 1309 2356 κατά
1323 2291 1354 2355 τδ
1373 2297 1462 2376 σῶμα

320 2403 374 2482 γῆς
399 2394 474 2461 εἶναί
496 2421 595 2482 φασιν.
622 2397 700 2460 οῦτω
724 2395 780 2482 γάρ
804 2396 1000 2482 Καλλίμαχος
1023 2395 1059 2460 τά
1083 2395 1164 2460 δεινά
1187 2403 1246 2460 τῶν
1270 2397 1384 2482 θηρίων
1407 2405 1463 2481 γῆς

320 2500 395 2566 εἶναι
425 2501 495 2587 ἔφη.
528 2503 572 2566 du
604 2501 636 2565 δὲ
669 2503 761 2586 μέγας
792 2500 933 2574 ὁἹίτυθς
963 2500 1012 2566 καί
1028 2493 1167 2588 Ὅμηρός
1191 2527 1281 2588 φησιν
1307 2505 1341 2579 ,θ
1367 2504 1392 2566 δ’
1417 2505 1463 2566 ἐπ’

320 2609 405 2672 ἐννέα
426 2609 505 2672 κεῖτο
528 2609 680 2693 πέλεθρα“
706 2612 735 2691 (λ
750 2613 830 2691 577).
866 2606 963 2694 φαμὲν
995 2606 1045 2672 οῦν
1076 2609 1128 2684 ὅτι,
1160 2610 1209 2672 ὅτε
1237 2607 1307 2694 πρὸς
1331 2604 1462 2694 Ἐλάρης

320 2714 441 2800 ἐτέχθη,
476 2715 574 2777 ἐδόκει
605 2714 695 2799 αὐτῆς
725 2712 800 2778 εἶναι
832 2715 881 2778 διά
908 2713 942 2797 γτὸ
975 2711 1071 2799 βραχὺ
1100 2718 1152 2776 τοῦ
1182 2716 1328 2798 σώματος,
1357 2719 1397 2786 ὡς
1429 2713 1462 2778 δέ

320 2817 460 2904 αὐξηθείς
493 2820 663 2904 τερατωδης
696 2818 829 2901 ἐγένετο,
866 2817 996 2882 ἔπλασαν
1028 2816 1078 2882 καὶ
1110 2819 1256 2904 τεχθῆναι
1290 2817 1378 2883 αὐτὸν
1410 2819 1462 2884 καί

319 2925 486 3010 τετράφθαι
508 2923 580 3010 πρὸς
603 2931 655 3009 τῆς
678 2931 740 3009 γῆς.
775 2927 857 3002 Quae
873 2926 911 2986 ad
925 2936 1041 3007 poetam
1057 2927 1254 2988 excusandum
1269 2927 1462 3008 proienmtur,

321 3037 429 3112 optime
452 3035 629 3116 conveniunt
652 3053 717 3091 cum
739 3032 915 3107 aculeos,
934 3035 1025 3106 1141,
1044 3035 1114 3108 517,
1138 3034 1208 3108 554,
1230 3032 1280 3092 ubi
1303 3035 1361 3092 iam
1384 3033 1464 3093 idem

320 3137 447 3198 studium
470 3137 631 3196 laudatoris
654 3146 756 3216 poetae
785 3137 824 3196 ad
855 3157 900 3196 res
929 3137 1077 3198 fabulares
1105 3158 1239 3200 sacrasse
1268 3159 1320 3217 pro
1349 3143 1464 3199 ratione

319 3245 447 3303 humana
473 3243 635 3302 naturalem
663 3246 693 3301 in
724 3241 841 3301 modum
871 3241 1073 3322 explanandas
1104 3243 1260 3304 observare
1288 3251 1463 3322 poteramus·

286 3331 291 3338 ’
320 3352 457 3410 Fortasse
479 3352 567 3409 etiam
589 3353 619 3407 iu
642 3348 730 3408 schol.
756 3348 787 3407 II
802 3351 883 3407 1248
908 3355 1104 3408 accusatorem
1127 3347 1342 3428 deprehendere
1361 3371 1464 3429 possu-

321 3477 393 3533 mus,
419 3456 466 3516 ubi
490 3455 544 3514 sub
566 3453 653 3513 finem
675 3454 747 3513 haec
770 3453 859 3512 verba
883 3438 1013 3512 exstant:
1038 3450 1159 3521 εἰκότως
1182 3448 1373 3523 Απολλώνιος
1397 3451 1464 3538 περὶ

321 3557 484 3624 Καυκάσου
507 3559 662 3641 γενόμενος
686 3555 869 3621 καὶτούτων
894 3557 1046 3640 ἐμνήσθη,
1078 3579 1154 3638 quae
1184 3559 1272 3620 verba
1299 3560 1379 3620 haud
1402 3564 1463 3622 scio

322 3689 358 3727 an
381 3667 510 3726 indicent
533 3667 616 3740 enm,
635 3669 683 3745 qui
706 3669 748 3723 ita
770 3667 925 3743 scripserit,
954 3664 1077 3723 alterum
1100 3664 1226 3740 refutare
1248 3664 1382 3740 voluisse,
1414 3670 1463 3745 qui

320 3783 436 3853 poetam
459 3771 700 3852 reprehendisset,
731 3769 810 3850 quod
833 3771 1020 3848 Argonautas
1044 3770 1172 3849 aquilam
1194 3771 1359 3830 Promethei
1382 3773 1464 3830 iecur

321 3879 441 3939 cottidie
462 3879 621 3937 laniantem
640 3880 671 3934 in
687 3895 752 3936 aere
767 3877 914 3936 volantem
929 3875 1039 3934 vidisse
1054 3875 1195 3935 finxisset.
1224 3875 1292 3936 Huc
1307 3879 1395 3934 etiarn
1410 3877 1464 3936 illa

321 3986 431 4046 scholia
452 3984 553 4059 refero,
583 3986 614 4041 in
637 3982 743 4062 quibus
765 3982 890 4040 formula
911 3981 963 4040 illa
986 4000 1022 4041 ex
1045 3980 1163 4040 scholiis
1184 3981 1350 4044 Homericis
1371 3985 1463 4041 notis-

320 4096 393 4152 sima
419 4089 549 4172 ζητεῖται
573 4067 605 4148 δέ
627 4089 673 4148 vel
696 4091 760 4149 sim.
784 4087 953 4148 adhibetur:
983 4087 1041 4146 sch.
1064 4086 1148 4148 123:
1181 4091 1304 4166 primum
1334 4109 1362 4168 p.
1390 4091 1462 4163 304,

323 4201 447 4259 12-16
473 4196 509 4256 de
525 4195 642 4276 Orpheo
664 4197 747 4253 varia
770 4196 935 4254 testimonia
957 4192 1141 4272 proferuntur
1164 4191 1331 4274 (Herodon',
1353 4193 1464 4253 Phere-

321 4289 413 4384 cydis,
444 4299 637 4382 Asclepiadis,
671 4297 815 4379 aliorum),
847 4297 923 4379 quod
956 4298 1085 4357 Theonis
1116 4297 1205 4358 schol.
1237 4317 1300 4357 csse
1332 4306 1463 4378 apparet,

321 4409 425 4470 deinde
449 4408 485 4468 ab
509 4407 567 4466 alio
590 4409 779 4485 grammatico
802 4408 946 4485 pergitur:
979 4402 1109 4486 ζητεῖται
1139 4399 1172 4463 δὲ
1203 4399 1252 4464 διά
1281 4400 1308 4464 τί
1329 4393 1464 4485 Ὀρφεὺς

322 4511 451 4595 ἀσθενὴς
475 4513 516 4574 ὢν
539 4508 676 4574 συνέπλει
698 4508 757 4580 τοῖς
781 4510 902 4593 ἥρωσιν.
933 4508 977 4570 ὅτι
994 4505 1094 4592 μάντις
1110 4509 1151 4570 dra
1168 4507 1183 4568 ὁ
1199 4504 1319 4592 Χείρων
1334 4504 1464 4591 ἔχρησεν

902 4691 906 4719 l
