3194 5200
695 410 740 472 '33

140 579 324 662 Fragmenta
346 579 497 664 Hauptius
528 582 655 662 collegit.
687 583 920 644 Commentarius
947 586 978 642 in
1001 580 1190 665 Apollonium
1212 583 1292 643 Rho-

144 689 226 750 dium
250 690 288 750 ab
311 709 345 750 eo
368 692 546 769 compositus
568 693 599 748 in
622 689 740 749 scholiis
759 699 861 770 quater
876 697 1065 750 memoratur:
1083 686 1147 750 sch.
1164 691 1180 749 I
1195 691 1293 766 1299,

141 797 272 872 11127;
297 797 376 870 9923
403 797 496 869 1015,
519 801 607 874 atque
629 795 671 853 ita
695 793 819 874 quidem,
842 802 876 854 ut
897 815 1011 876 semper
1030 797 1182 868 sententia,
1206 813 1295 874 quam

142 904 304 982 proposuit,
338 899 375 960 ab
409 899 509 975 altero,
544 919 631 980 quem
667 903 763 979 ipsum
795 900 970 980 Sophoclem
1002 919 1064 960 esse
1097 903 1295 978 cognovimus,

146 1011 343 1087 impugnetur.

236 1113 346 1171 Totum
370 1119 467 1170 antem
491 1131 595 1190 corpus
626 1111 812 1186 scholiorum,
845 1111 923 1192 qnod
956 1111 994 1170 ad
1025 1132 1079 1171 nos
1110 1114 1199 1187 venit,
1232 1131 1298 1170 cum

145 1217 297 1278 nonnullis
330 1218 403 1276 locis
436 1219 527 1276 etiam
559 1220 730 1296 posterioris
766 1220 879 1292 aetatis,
917 1238 1003 1297 quam
1037 1239 1094 1296 qua
1125 1216 1300 1297 Sophoclem

145 1323 239 1382 fuisse
262 1325 374 1402 opinati
405 1342 511 1396 sumus,
544 1326 698 1402 scriptores
728 1323 893 1398 afferantur,
925 1323 1171 1382 Wilamowitzius
1194 1331 1297 1403 quarto

142 1427 209 1488 fere
232 1428 348 1488 saeculo
372 1431 563 1508 compositum
585 1447 648 1488 esse
671 1426 827 1507 collegit¹).

154 1545 155 1548 ’
238 1533 312 1593 Cum
334 1536 392 1592 iam
416 1533 585 1593 conabimur
613 1533 651 1592 ad
682 1534 834 1593 historiam
867 1536 996 1612 corporis
1011 1533 1201 1592 -scholiorum
1231 1553 1298 1611 eog-

144 1639 324 1699 noscendam
348 1660 443 1718 pauca
466 1639 597 1699 conferre
628 1648 656 1700 et
688 1641 830 1720 analysin,
863 1660 948 1719 quam
979 1637 1090 1713 dicunt,
1122 1638 1298 1698 scholiorum

135 1743 308 1818 instituere,
341 1743 472 1804 breviter
493 1747 619 1824 primum
642 1764 676 1804 ea
698 1743 904 1824 perlustranda
926 1752 1003 1819 sunt,
1035 1762 1109 1822 quae
1131 1743 1298 1802 nominibus

149 1849 335 1926 singulorum
364 1853 555 1928 interpretum
584 1853 707 1909 servatis
736 1871 773 1910 ex
802 1871 901 1910 eorum
931 1851 1146 1908 commentariis
1175 1850 1237 1908 sive
1266 1849 1298 1906 in

144 1957 221 2034 ipsis
254 1955 374 2014 scholiis
407 1959 469 2014 sive
503 1955 574 2014 alibi
606 1955 769 2016 traduntur.
816 1955 949 2014 Theonis
983 1975 1096 2029 nomen,
1130 1956 1298 2033 interpretis

152 2063 359 2139 antiquissimi,
393 2081 535 2140 nusquam
569 2063 600 2118 in
634 2061 759 2136 scholiis,
793 2070 909 2140 praeter
939 2060 1181 2144 subscriptionem
1209 2059 1298 2132 illam,

149 2165 328 2244 appellatur,
360 2165 412 2226 sed
444 2165 562 2226 Giesins
583 2186 613 2246 p.·
635 2169 720 2241 tta,
753 2167 808 2225 sibi
840 2168 986 2245 persuasit
1017 2163 1096 2244 apud
1118 2164 1298 2242 Stephanum

141 2272 223 2350 Byz.
247 2291 268 2329 s.
293 2293 320 2330 v.
338 2259 432 2340 ’Ἅλυς
456 2271 650 2349 fragmentum
674 2275 874 2330 commentarii
898 2271 1029 2330 Theonis
1054 2273 1087 2328 in
1109 2269 1298 2349 Apollonium

144 2384 297 2436 servatum
312 2396 390 2436 esse:
407 2365 503 2446 ’Ἅλυς
520 2377 604 2446 πόλις
629 2368 757 2460 Ἀχαΐας
780 2356 1025 2445 scintillula
1050 2371 1105 2436 ὑπὸ
1129 2371 1175 2458 up*
1194 2371 1298 2456 πέρατι

139 2482 197 2542 τοῦ
222 2469 368 2564 Ὄθρυος.
404 2479 511 2565 ἀπέχει
541 2478 574 2543 δὲ
590 2471 715 2552 Ἴτωνος
739 2483 779 2552 ὡς
802 2481 945 2564 ἑξήκοντα
968 2477 1115 2550 σταδίους,
1144 2477 1241 2541 κτίσαι
1265 2475 1298 2544 δὲ

152 2581 248 2666 αὐτὴν
271 2580 441 2668 Ἀθάμαντα
464 2582 523 2648 ἀπὸ
546 2591 599 2670 τῆς
622 2583 778 2672 συμβάσης
802 2585 884 2671 αὐτῷ
908 2583 993 2668 ἄλης.
1040 2584 1125 2647 Θέων
1154 2583 1187 2646 δέ
1209 2607 1299 2671 φησιν

145 2683 195 2750 ὅτι
206 2678 300 2760 νΑλος
325 2687 491 2774 θεράπαινα
514 2689 551 2774 ἦν
574 2687 763 2774 Ἀθάμαντος
787 2692 805 2774 ἡ
832 2689 989 2774 μηνύσασα
1011 2686 1064 2772 τὴν
1088 2687 1153 2750 Ἰνὼ
1176 2686 1298 2774 φρύγειν

142 2791 184 2857 τά
208 2793 373 2879 σπέρματα,
405 2796 440 2878 ἧς
470 2797 511 2866 εἰς
543 2794 630 2880 τιμὴν
653 2795 706 2880 τὴν
738 2795 822 2859 πάλιν
857 2796 1091 2879 ὠνόμασεν...,
1122 2795 1173 2855 ubi
1203 2799 1298 2876 prima

141 2901 237 2962 verba
251 2901 325 2962 adeo
341 2924 405 2962 cum
425 2903 568 2963 Strabone
584 2900 676 2987 (VIII
688 2925 715 2983 p.
729 2903 814 2983 433),
839 2907 887 2983 qui
904 2901 1117 2983 Apollodorum
1133 2905 1296 2982 exscripsit,

145 3010 314 3082 concinunt,
337 3018 371 3067 ut
393 3031 411 3066 a
433 3009 576 3072 Strabone
598 3012 692 3089 petita
714 3029 777 3069 esse
790 3008 953 3068 videantur.
981 3009 1081 3067 Etiam
1097 3015 1192 3067 cetera
1206 3008 1298 3067 verba

147 3108 250 3174 κτίσαι
273 3107 306 3171 δὲ
335 3121 365 3172 et
396 3135 442 3192 qu.
476 3133 534 3193 seq.
565 3113 603 3172 ad
633 3117 872 3173 commentarium
895 3113 1047 3193 Apollonii
1076 3112 1183 3172 referre
1212 3113 1299 3174 valde

143 3215 262 3276 dubito.
307 3218 384 3276 Nam
416 3221 523 3277 scimus
545 3219 735 3298 Stephanum,
768 3218 819 3276 ubi
851 3218 963 3277 scholia
986 3217 1185 3296 Apolloniana
1214 3216 1297 3276 adhi-

140 3320 251 3393 buerit,
281 3341 318 3380 ex
342 3320 411 3396 Oro,
448 3325 498 3400 qui
521 3321 675 3402 Sophoclis
699 3314 938 3382 commentarium
962 3323 1125 3400 exscripsit,
1156 3321 1296 3381 hausisse.

142 3424 321 3504 Sophoclem
344 3434 441 3485 autem
465 3429 496 3485 in
519 3427 574 3485 hoc
606 3427 716 3485 scholio
749 3447 832 3484 suam
866 3429 1039 3486 sententiam
1061 3425 1177 3485 'Phoeni
1208 3447 1298 3506 oppo-

141 3533 238 3589 suisse
271 3551 364 3610 neque
394 3551 431 3590 ex
461 3533 580 3591 scholiis
611 3535 683 3612 ipsis
716 3551 891 3610 cognoscere
922 3551 1084 3611 possumus,
1115 3530 1167 3590 ubi
1197 3530 1234 3588 ad
1266 3553 1295 3596 v.

141 3635 255 3694 11513
280 3636 353 3696 haec
376 3639 503 3716 ascripta
525 3646 607 3697 sunt:
641 3633 842 3720 Ἀθαμάντιον
877 3633 910 3698 δὲ
944 3633 1044 3698 πεδίον
1076 3633 1154 3696 οὕτω
1184 3634 1296 3698 καλοδ-

149 3762 238 3822 μενυν
263 3736 401 3824 πεμίτὸν
418 3735 523 3804 Ἅλον.
547 3731 695 3825 κατῴκισε
718 3738 773 3826 γάρ
794 3738 938 3825 Ἀθάμας
965 3741 995 3804 ἐν
1021 3729 1111 3824 ’Ἃλῳ
1142 3738 1183 3824 τῇ
1211 3741 1296 3826 νήσῳ

143 3851 200 3928 της
226 3843 379 3930 βασιλείας
403 3845 544 3924 ἐξελθών,
580 3867 674 3927 neque
703 3848 794 3906 ullum
818 3851 977 3926 vestigium
1000 3851 1032 3906 in
1055 3856 1142 3926 etym.
1165 3867 1230 3924 gen.
1254 3876 1294 3900 =

142 3959 234 4030 etym.
258 3973 294 4012 m.
320 3955 421 4028 24,10
445 3962 540 4012 exstat
551 3950 584 4032 ¹),
607 3953 657 4012 ubi
681 3953 823 4012 scholium
844 3953 1013 4032 plenissime
1035 3951 1175 4012 traditur:
1194 3947 1297 4015 ’Atla-

147 4051 289 4137 μάντιον·
324 4056 495 4136 (laudantur
526 4078 626 4118 versus
648 4056 869 4140 11513-15).
902 4053 964 4118 ἔστι
992 4053 1096 4126 πεδιάς
1124 4056 1154 4120 ἐν
1178 4054 1297 4120 Θεσσα-

147 4157 202 4243 λία
225 4159 393 4244 καλουμένη
418 4158 610 4246 Ἀθαμαντία
632 4186 652 4246 η
677 4163 788 4245 μᾶλλον
806 4158 987 4246 Ἀθαμανία.
1010 4158 1043 4224 τὸ
1066 4160 1185 4226 ἐθνικδν
1199 4159 1297 4227 Ἀθα-

142 4312 354 4323 ———

217 4403 246 4471 1)
264 4400 328 4457 wil.
347 4401 366 4459 1.
388 4417 413 4458 c.
433 4418 478 4460 no.
498 4405 560 4462 131.

216 4492 246 4582 2)
267 4491 352 4562 Quem
371 4492 461 4548 locum
481 4493 563 4550 Giese
583 4494 691 4552 omnino
710 4496 840 4566 neglexit.
