3194 5200
691 397 732 466 63

135 577 200 642 sim.
224 598 259 643 ea
282 577 457 661 significatio
480 590 606 655 notatur,
629 602 686 660 qua
707 561 883 660 Apollonius
905 583 936 638 in
958 576 1030 656 loco,
1053 575 1089 640 de
1106 598 1163 661 quo
1178 579 1284 661 agitur,

136 691 237 748 utitur.
269 687 313 747 of.
336 707 362 750 e.
386 708 413 765 g.
438 688 496 746 sch.
516 687 601 746 1119
620 683 816 768 ἀπηλεγέωςε
840 683 978 768 σημαίνει
1002 681 1054 767 μὲν
1077 682 1183 748 καὶτὸ
1206 686 1284 770 ἀλη-

137 791 202 863 θῶς
225 787 275 854 καί
298 789 331 853 τὸ
355 792 466 870 ἁπλῶς,
491 788 534 853 ἐτι
558 786 661 852 δὲκαὶ
684 789 717 852 τὸ
742 796 857 874 σαφῶς,
882 793 932 853 νῦν
956 787 989 852 δέ
1012 787 1076 854 ἀντί
1098 794 1149 854 τοῦ
1173 791 1284 855 ἀποτό-

140 917 216 980 μως·
241 893 376 981 ἐπιφέρει
399 891 456 980 γοίρ
482 892 578 971 ,ἀλλοί
601 918 645 958 τοι
669 891 752 958 οὔπω
775 894 882 957 νοέω“.
922 895 966 955 Of.
990 896 1087 977 Apoll.
1112 896 1140 956 S.
1167 901 1216 972 38,
1228 901 1285 958 22ι

139 1000 316 1086 ἀπηλεγέως
340 999 594 1084 ἀπολελεγμένως,
614 999 794 1084 Ιἀποτόμως.
840 1002 904 1062 Sch.
928 1003 1045 1062 11134
1070 1001 1220 1088 βηταρρός
1233 1051 1239 1066 .
1254 1051 1282 1066 ..

139 1106 219 1189 λέγει
252 1104 285 1170 δέ
318 1110 367 1170 νῦν
398 1103 451 1190 τὴν
482 1105 629 1192 πυρρίχην
661 1105 785 1191 ὄρχησιν
818 1109 870 1188 (=
895 1107 994 1187 Apoll.
1019 1108 1047 1168 S.
1072 1111 1192 1185 51,16;
1225 1110 1283 1170 sch.
1347 1184 1349 1189 Α

141 1213 253 1290 Mill,
276 1215 347 1274 Lex.
363 1214 431 1292 Seg.⁴
442 1215 470 1275 V
482 1217 553 1289 226,
566 1214 623 1294 11).
648 1214 713 1274 Seli.
730 1214 817 1273 1313
835 1208 947 1296 ἔμπηςγ
965 1212 998 1272 cf.
1015 1212 1114 1294 Apoll.
1129 1213 1157 1274 S.
1172 1218 1221 1295 67,
1232 1218 1283 1279 24.

139 1319 205 1380 seh.
229 1320 321 1378 1421
348 1316 515 1403 ἐπίβαθρα,
546 1319 582 1380 cf.
613 1319 671 1399 Ap.
696 1319 724 1378 S.
752 1309 859 1392 tall.
906 1317 972 1377 Sch.
995 1317 1027 1376 ΙΙ
1043 1321 1082 1378 77
1114 1318 1150 1379 de
1181 1341 1284 1380 vocum

141 1409 253 1507 θάρσός
275 1434 304 1484 et
334 1419 445 1507 θράσος
473 1423 645 1499 differentia,
676 1432 705 1483 et
727 1423 815 1482 schol.
838 1423 872 1481 Π
889 1425 948 1481 117
974 1442 1011 1481 ex
1035 1422 1122 1482 Asch.
1145 1426 1177 1482 in
1198 1424 1284 1484 Hom.

140 1525 210 1591 Ea.
257 1517 322 1590 sch.
346 1528 435 1590 1149
461 1527 583 1613 ορεχιιει
607 1553 647 1582 =
672 1529 770 1608 upon.
794 1529 822 1588 s.
847 1531 967 1602 iaaac
991 1537 1020 1588 et
1045 1531 1172 1604 raam.
1218 1530 1283 1590 ech.

139 1633 190 1694 III
203 1638 265 1694 802
291 1633 463 1718 φωριαρίν·
487 1636 536 1697 νῦν
559 1628 613 1716 rip
636 1631 751 1694 κοιτίδα
773 1632 1002 1714 (parrociam)
1026 1631 1114 1714 λέγει.
1140 1630 1235 1718 σαφὲς
1259 1635 1285 1696 θ’

140 1739 174 1800 ἐκ
196 1742 248 1800 τοῦ
272 1737 417 1823 ἐνθεμένη
441 1735 489 1802 ἐπὶ
513 1737 680 1822 γούνασιν..
696 1787 725 1800 ..
750 1739 899 1798 Scholium
918 1747 1064 1819 sumptum
1084 1758 1147 1799 esse
1168 1739 1286 1799 videtur

141 1845 178 1905 ab
200 1845 300 1926 Apoll.
325 1846 353 1905 S.
376 1849 506 1924 leuas,
528 1846 580 1906 uhi
601 1854 717 1926 praeter
739 1845 798 1903 alia
820 1843 898 1903 idem
921 1853 1010 1924 atque
1032 1847 1063 1902 in
1086 1844 1175 1904 schol.
1195 1846 1283 1925 Apln.

141 1950 334 2030 veriloquium
357 1954 463 2010 omisso
488 1950 605 2032 quidem
635 1953 803 2010 testimonio
826 1950 1031 2009 Eratosthenis
1060 1950 1204 2030 profertur
1235 1951 1284 2030 (cf.

141 2055 229 2116 schol.
250 2059 281 2114 in
304 2057 391 2116 Hom.
416 2052 537 2136 Ω228).
577 2056 636 2116 Sed
658 2059 689 2115 in
712 2056 853 2115 hocloco
875 2055 998 2114 Homeri
1021 2076 1042 2114 s.
1065 2077 1092 2115 v.
1117 2059 1284 2139 φωριαμῶν

141 2181 263 2239 magnae
285 2183 376 2237 arcae,
409 2181 467 2221 non
490 2165 580 2221 cistae
602 2181 711 2240 parvae
733 2159 948 2237 intellegendae
974 2168 1049 2234 sunt,
1081 2169 1114 2219 ut
1141 2159 1285 2222 donorum

142 2266 342 2344 magnitudine
364 2265 616 2348 multitudineque,
648 2284 723 2346 quae
744 2265 880 2323 Priamus
908 2284 945 2324 ex
974 2267 1048 2323 arcis
1079 2264 1139 2324 illis
1169 2269 1285 2344 promit,

142 2371 363 2432 demonstratur.
389 2373 492 2454 Neque
514 2393 584 2433 vero
606 2391 668 2432 esse
691 2369 816 2446 videtur,
838 2369 918 2449 quod
941 2369 1066 2430 eundem
1088 2373 1285 2452 interpretem,

142 2481 192 2557 qui
215 2487 325 2538 ceteras
347 2479 459 2557 glossas
481 2500 497 2538 e
519 2479 615 2539 lexico
637 2478 689 2537 illo
712 2477 870 2537 Homerico
893 2479 1055 2556 exscripsit,
1085 2479 1174 2538 etiam
1198 2477 1285 2539 modo

142 2594 381 2645 commemoratas
397 2584 546 2644 addidisse
560 2579 706 2664 negemus.
735 2581 793 2642 Sed
807 2583 883 2640 alius
897 2561 1004 2640 indolis
1019 2582 1159 2642 nonnulla
1175 2583 1286 2642 scholia

142 2702 217 2766 sunt,
248 2695 280 2749 in
312 2689 416 2770 quibus
445 2689 482 2750 de
511 2690 677 2751 discrimine
699 2693 775 2748 inter
795 2709 878 2746 usum
901 2689 1090 2746 Homericum
1112 2696 1142 2748 et
1164 2687 1286 2768 Apollo-

141 2801 261 2858 nianum
282 2795 481 2857 intercedente
503 2797 682 2871 observatur,
704 2815 877 2876 quamquam
894 2796 982 2853 etiam
998 2795 1070 2853 haec
1086 2814 1152 2853 cum
1167 2795 1286 2853 scholiis

141 2905 308 2964 Homericis
329 2903 377 2962 vel
399 2903 493 2963 lexico
517 2903 708 2963 similitudine
736 2903 835 2981 aliqua
866 2920 1082 2980 nonnumquam
1114 2900 1285 2961 cohaerent:

141 3010 200 3070 sch.
230 3011 264 3067 Π
284 3012 364 3069 1199
398 3009 446 3089 (cf.
478 3010 536 3068 sch.
566 3009 599 3068 ΙΙ
616 3009 669 3087 56)
700 3005 917 3091 ἀτερβόρενος;
950 3003 1024 3089 οὐχ
1051 2996 1286 3089 Ὁμηρικῶς

143 3108 207 3174 ἀντὶ
229 3115 281 3174 τοῦ
309 3111 541 3197 στερισκόμενος.
570 3113 665 3174 κεῖται
694 3107 751 3195 γοίρ
781 3114 830 3173 νῦν
860 3107 908 3173 ἐπί
934 3110 986 3172 τοῦ
1011 3108 1214 3194 δυσχεραίνων
1236 3107 1286 3173 καὶ

144 3219 332 3302 μεμφόμενος
366 3215 414 3281 ἐπί
448 3221 580 3281 τοιοῦτον
612 3213 719 3288 αὐτοὺς
754 3215 856 3279 στόλον
892 3214 1069 3278 στέλλεσθαι
1103 3217 1152 3296 (σί.
1184 3218 1285 3299 Apoll.

142 3325 172 3385 S.
196 3327 316 3405 46,24).
361 3325 426 3385 Sch.
449 3325 494 3386 IV
507 3328 569 3384 820
600 3321 716 3406 ἀνέρων
749 3319 851 3391 α’ϊκαςι
884 3320 915 3384 αἱ
946 3319 977 3383 ἐν
1009 3325 1051 3405 τῷ
1081 3319 1204 3406 πολέμῳ
1236 3319 1285 3405 ἐφ’

142 3427 269 3513 ἑκατέρα
292 3428 400 3501 κλίσεις
424 3431 471 3510 (cf.
495 3430 592 3510 Apoll.
616 3430 643 3490 S.
667 3432 775 3504 15,15,
799 3428 887 3487 schol.
912 3423 1027 3507 0709)
1050 3426 1066 3487 ὁ
1091 3423 1131 3488 δέ
1155 3422 1286 3489 Ἀπολ-

142 3535 282 3604 λώνιος
304 3531 355 3605 τὰς
379 3533 535 3606 ἀντιπνοάς
557 3538 615 3598 τῶν
639 3533 757 3617 ἀνέμων
781 3530 908 3617 εἴρηκεν.
937 3569 972 3578 -
998 3533 1064 3593 Sch.
1082 3533 1127 3594 IV
1143 3535 1225 3594 1558
1249 3533 1286 3594 de

141 3663 168 3702 v.
193 3638 355 3724 ἐπιίστορα,
378 3641 430 3700 uhi
451 3645 568 3702 initium
592 3671 631 3695 =
655 3641 745 3701 schol.
767 3643 799 3698 in
821 3641 910 3700 Hom.
926 3637 949 3700 Σ
966 3643 1024 3698 501
1045 3641 1083 3718 -l-
1103 3635 1210 3701 Ψ486
1235 3639 1285 3719 (cf.

141 3747 240 3828 Apoll.
265 3747 293 3807 S.
319 3747 440 3829 93,21),
463 3748 517 3806 sub
539 3748 625 3807 finem
649 3757 762 3806 autem:
793 3743 908 3826 λέγει
940 3740 981 3805 δὲ
1004 3747 1071 3806 νῦν
1094 3743 1285 3828 ἐπιμελητὴν,

141 3850 337 3915 κατάσκοπον.
360 3885 404 3896 -
426 3838 616 3912 schulsa
641 3851 768 3936 (ἠθεῖαι)
790 3851 824 3911 cf.
848 3850 946 3930 Apoll.
971 3849 999 3909 S.
1021 3854 1129 3926 8231.
1154 3865 1198 3895 -'
1218 3845 1286 3928 sch,

141 3960 236 4020 1436
262 3954 430 4040 ίθηεῖσθαι)
452 3956 487 4016 σί.
513 3957 611 4037 Apoll.
633 3957 662 4016 S.
688 3961 737 4033 87,
752 3961 800 4017 31.
830 3989 861 4002 -
889 3955 955 4015 Sch.
979 3955 1028 4014 ΙΙΙ
1044 3959 1106 4016 876
1132 3955 1286 4040 (λιαροῖσι)

142 4063 179 4125 cf.
203 4063 300 4142 Apoll.
325 4063 354 4123 S.
376 4063 508 4138 107,21.

229 4167 308 4242 Quid
332 4176 427 4228 autem
450 4170 482 4226 in
507 4169 604 4226 animo
627 4166 762 4226 habuerit
784 4169 926 4247 interpres
948 4165 1007 4242 ille,
1030 4169 1079 4246 qui
1102 4165 1174 4227 haec
1196 4164 1286 4227 adso·-

141 4273 233 4348 tabat,
264 4273 320 4332 hoc
343 4277 452 4354 optime
474 4276 658 4352 cognoscitur
680 4272 796 4332 collatis
818 4273 966 4332 nonnullis
988 4271 1055 4331 aliis
1076 4273 1204 4348 scholiis,
1234 4274 1287 4333 ubi

140 4389 229 4462 poeta
250 4388 369 4460 propter
389 4401 473 4440 usum
495 4380 650 4440 verborum
672 4383 861 4458 vituperatur,
885 4382 935 4459 qui
957 4379 1014 4438 loci
1029 4381 1100 4439 item
1115 4379 1286 4460 plerumque

142 4485 181 4548 ad
202 4489 472 4570 interpretationem
494 4486 682 4548 Homericam
704 4493 836 4566 spectare
859 4484 1010 4546 videntur:
1042 4485 1101 4546 sch.
1126 4485 1195 4548 127
1220 4483 1288 4548 ἀοι-
